@string{cornell		= "Cornell University"}
@string{cornellcs	= "Department of Computer Science, Cornelpublisl 
University"}
@string{dc		= "Distributed Computing"}
@string{focs		= "Symposium on Foundations of Computer Science"}
@string{ftcs		= "International Symposium on Fault-Tolerant Computing"}
@string{gitics		= "School of Information and Computer Science,
				Georgia Institute of Technology"}
@string{ibmrl		= "IBM Research Laboratory"}
@string{icalp		= "International Conference on Automata, Languages,
				and Programming"}
@string{ic		= "Information and Computation"}
@string{lncs		= "Lecture Notes on Computer Science"}
@string{podc		= "ACM Symposium on Principles
				of Distributed Computing"}
@string{pods		= "Symposium on Principles of Database Systems"}
@string{proc		= "Proceedings of the "}
@string{springer	= "Springer Verlag"}
@string{stoc		= "ACM Symposium on Theory of Computing"}
@string{tark		= "Conference on Theoretical Aspects of Reasoning
				about Knowledge"}
@string{wdag		= "International Workshop on Distributed Algorithms"},
@string{yalecs		= "Department of Computer Science, Yale University"}
%----------------------------------------------------------------------------
@string{mitlcs          = "Laboratory for Computer Science,
                  Massachusetts Institute of Technology"}
@string{mst             = "Mathematical Systems Theory"}
@string{gatech          = "College of Computing, Georgia Institute of Technology"}
@string{surveys         = "ACM Computing Surveys"}


@article{Abr85,
  Author = {Abramson, N.},
  Title = {Development of the {ALOHANET}},
  Journal = "IEEE Transactions on Information Theory",
  Year = 1985,
  Month= mar,
  volume = 31,
  pages = "119--123"
  }

@inproceedings{Ben88,
	crossref = "podc88",
	Author = "Ben-David, Shai",
	Title = "The global-time assumption and semantics for concurrent systems",
	pages = "223--232"
}

@inproceedings{Abr88,
	crossref = "podc88",
	Author = "Abrahamson, Karl",
	Title = "On Achieving Consensus Using a Shared Memory",
	pages = "291--302"
}
		  
@article{Ahu90,
	Author = "Ahuja, Mohan",
	Title = "{\em Flush\/} Primitives for Asynchronous Distributed
                 Systems",
	Journal = ipl,
	Volume = 34,
	number = 1,
	month = feb,
	Year = 1990,
	pages = "5--12"
}

@article{Ang89,
  Author = "Anger, Frank D.",
  Title = "On {L}amport's Interprocessor Communication Model",
  Journal = toplas,
  Year = 1989,
  month= jul,
  Volume = 11,
  Number = 3,
  Pages = "404--417"
    }

@article{AWH92,
  Author = "Amdur, Eugene and Sam Weber and Vassos Hadzilacos",
  Title = "On the Message Complexity of Binary Byzantine Agreement
                under Crash Failures",
  Journal = dc,
  Year = 1992,
  volume = 5,
  number = 2,
  pages = "175--186"
  }

@inproceedings{ADKM92a,
  author  = {Amir, Yair and Dolev, Danny and Kramer, Shlomo and Malki, Dalia},
  title = {Membership algorithms for multicast communication groups},
  booktitle = proc # " Sixth " # wdag,
  series = lncs,
  volume = 647,
  month = {November},
  publisher = springer,
  pages = {292--312},
  year = 1992}


@INPROCEEDINGS{ADKM92b,
  crossref = "ftcs92",
  AUTHOR = "Amir, Yair and Danny Dolev and Shlomo Kramer and Dalia Malki",
  Title = "Transis: A Communication Sub-System for High Availability",
  Year = "1992",
  Pages = "76-84",
  }


@incollection{AR85,
  Author = "Apt, Krysztof R. and Jean Luc Richier",
  Title = "Real Time Clocks Versus Virtual Clocks",
  Booktitle = "Control Flow and Data Flow:  Concepts of Distributed
		Programming",
  series = "NATO Advanced Study Institute Series",
  volume = "F14",
  editor = "M. Broy",
  publisher = springer,
  Year = 1985,
  pages = "475--503"
  }

@INPROCEEDINGS{ABDKPR87,
	crossref = "focs87",
	AUTHOR = {Attiya, Hagit and {Bar-Noy}, Amotz and Dolev, Danny and Koller,
			Daphne and Peleg, David and Reischuk, R{\"{u}}diger},
	TITLE = {Achievable Cases in an Asynchronous Environment},
			PAGES = {337--346}
}


@article{ADLS94,
  Author = "Attiya, Hagit and Dwork, Cynthia and Lynch, Nancy and
     Stockmeyer, Larry",
  Title = "Bounds on the Time to Reach Agreement in the Presence of
                  Timing Uncertainty",
  Journal = jacm,
  month = jan,
  Year = 1994,
  volume = 41,
  number = 1,
  pages = "122--152"
  }

@article{Lam83b,
  Author = "L. Lamport",
  Title = "The Weak Byzantine Generals Problem",
  Journal = jacm,
  month = jul,
  Year = 1983,
  volume = 30,
  number = 3,
  pages = "668--676"
  }


@inproceedings{ADS89,
  crossref = "podc89",
  Author = "Attiya, Hagit and Danny Dolev and Nir Shavit",
  Title = "Bound Polynomial Randomized Consensus (preliminary version)",
  pages = "281--293"
  }

@inproceedings{AHR92,
	AUTHOR = {Attiya, Hagit and Herlihy, Maurice and Rachman, Ophir},
	TITLE = {Efficient Atomic Snapshots Using Lattice Agreement},
	BOOKTITLE = proc # " Sixth " # wdag,
	YEAR = {1992},
	PUBLISHER = springer,
	MONTH = sep,
	NOTE = {In press}
}

@article{Awe85,
  Author = "Awerbuch, Baruch",
  Title = "Complexity of Network Synchronization",
  Journal = jacm,
  month = oct,
  Year = 1985,
  volume = 32,
  number = 4,
  pages = "804--823"
  }
	  
@Article{AweEve86,
        author =       "B. Awerbuch and S. Even",
        title =        "Reliable Broadcast Protocols in Unreliable Networks",
        journal =      "Networks: An International Journal",
        volume =       "16",
        year =         "1986",
      }
		  
@InProceedings{AwGoHe90,
        author =       "B. Awerbuch and O. Goldreich and A. Herzberg",
        title =        "A Quantitative Approach to Dynamic Networks",
        booktitle =    "Proceedings of the 9th ACM Symposium on Principles of
                       Distributed Computing",
        pages =        "189--204",
        address =      "Qu\'ebec City, Qu\'ebec, Canada",
        year =         "1990",
      }
		  
@techreport{BD85a,
  Author = {Babao{\u{g}}lu, {\"{O}}zalp and Rog{\'{e}}rio Drummond},
  Title = "Communication-Time Tradeoffs for Reliable Broadcast Protocols",
  Institution = cornellcs,
  month = jun,
  Year = 1985,
  number = "85-687"
  }

@article{BD85b,
  Author = {Babao{\u{g}}lu, {\"{O}}zalp and Rog{\'{e}}rio Drummond},
  Title = "Streets of {Byzantium}:  Network Architectures
		for Fast Reliable Broadcasts",
  Journal = ieeese,
  month = jun,
  Year = 1985,
  volume = 11,
  number = 6,
  pages = "546--554"
  }
  
@inproceedings{BD87,
  crossref = "ftcs87",
  Author = {Babao{\u{g}}lu, {\"{O}}zalp and Rog{\'{e}}rio Drummond},
  Title = "({Almost}) No Cost Clock Synchronization",
  pages = "42--47"
  }


@inproceedings{BG93,
  booktitle = proc # " Twenty fifth " # stoc,
  month = may,
  Year = 1993,
  confaddress = "San Diego, California",
  publisher = "ACM Press",
  confeditor = "Alok Aggrawal",
  Author = {Borowsky, E.  and E. Gafni},
  Title = "Generalized {FLP} Impossibility Result for $t$-Resilient Asynchronous 
Computations",
  pages = "91--100"
  }

@inproceedings{DS82,
  booktitle = proc # "Fourteenth  " # stoc,
  month = may,
  Year = 1982,
  confaddress = "San Francisco, California",
  publisher = "ACM Press",
  Author = {Dolev, D. and H. R. Strong},
  Title = "Polynomial Algorithms for Multiple Processor Agreement",
  pages = "401--407"
  }

@inproceedings{DLM82,
  booktitle = proc # "Fourteenth  " # stoc,
  month = may,
  Year = 1982,
  confaddress = "San Francisco, California",
  publisher = "ACM Press",
  Author = {R.~A. De{-}Millo and N.~A. Lynch and M.~J. Merritt},
  Title = "Cryptographic Protocols",
  pages = "383--400"
  }


@incollection{BT93,
  Author = {Babao{\u{g}}lu, {\"{O}}zalp and Sam Toueg},
  Title = "Non-Blocking Atomic Commitment",
  Editor = "Mullender, Sape J.",
  booktitle = "Distributed Systems",
  Publisher = "Addison-Wesley",
  Year = "1993",
  Chapter = 6
  }

@inproceedings{BL82,
  Author = "Banatre, M. and G. Lapalme",
  Title = "Enchere:  A Distributed Auction Bidding System",
  Booktitle = "Proceedings of the Third International Conference on
	Distributed Computing Systems",
  confaddress = "Miami, Florida",
  Year = 1982,
  pages = "833--837",
  publisher = "IEEE"
  }

@incollection{BD88,
  Author = "Bar{-}Noy, Amotz and Danny Dolev",
  Title = "Families of Consensus Protocols",
  booktitle = "Proceedings of the Third Aegean Workshop on Computing:
  		VLSI Algorithms and Architectures",
  editor = "J. H. Reif",
  series = lncs,
  month = jul,
  Year = 1988,
  volume = 319,
  publisher = springer,
  pages = "380--390"
  }

@inproceedings{BDDS87,
  crossref = "podc87",
  Author = "Bar{-}Noy, A. and D. Dolev and C. Dwork
		and H. R. Strong",
  Title = "Shifting Gears:  Changing Algorithms on the Fly to
		Expedite {Byzantine} Agreement",
  pages = "42--51"
  }

@Article{BSW69,
        author =       "K.~A. Bartlett and R.~A. Scantlebury and P.~T.
                       Wilkinson",
        title =        "A note on reliable full-duplex transmission over
                       half-duplex links",
        journal =      "Communication of the ACM",
        volume =       "12",
        number =       "5",
        year =         "1969",
        pages =        "260--261",
      }
		  
@inproceedings{Bar88,
  crossref = "tark88",
  Author = "Barwise, Jon",
  Title = "Three View of Common Knowledge",
  pages = "365--380"
  }

@inproceedings{BN91,
  Author = "Bazzi, R. and G. Neiger",
  Title = "Optimally Simulating Crash Failures in a {Byzantine} Environment",
  pages = "108--128",
  booktitle = proc # " Fifth " # wdag,
  editor = "S. Toueg and P.G. Spirakis and L. Kirousis",
  confaddress = "Delphi, Greece",
  series = lncs,
  month = oct,
  Year = 1991,
  publisher = springer,
  }

@inproceedings{BN92a,
  Author = "Bazzi, R. and G. Neiger",
  Title = "Simulating Crash Failures with Many Faulty Processors",
  pages = "166--184",
  booktitle = proc # " Sixth " # wdag,
  editor = "A. Segal and S. Zaks",
  confaddress = "Haifa, Israel",
  series = lncs,
  volume =   "647",
  Year = 1992,
  publisher = springer,
  }

@inproceedings{Ben83,
  crossref = "podc83",
  Author = "Ben{-}Or, M.",
  Title = "Another advantage of free choice:  Completely asynchronous
		agreement protocols",
  pages = "27--30"
  }


@incollection{BG89,
  Author = "Berman, Piotr and Juan A. Garay",
  Title = "Asymptotically Optimal Consensus",
  booktitle = proc # " Sixteenth " # icalp,
  pages = "80--94",
  Volume = "372",
  publisher = springer,
  series = lncs,
  Year = 1989
  }

@techreport{BGP89a,
  Author = "Berman, Piotr and Juan A. Garay and Kenneth J. Perry",
  Title = "Recursive Phase King Protocols for Distributed Systems",
  number = "89-24",
  Institution = "Department of Computer Science, The Pennsylvania State
		University",
  month = aug,
  Year = 1989
  }

@inproceedings{BGP89b,
  crossref = "FOCS89",
  Author = "Berman, Piotr and Juan A. Garay and Kenneth J. Perry",
  Title = "Towards Optimal Distributed Consensus",
  pages = "410--415"
  }

@article{BG86a,
  Author = "Bernstein, Philip A. and Nathan Goodman",
  Title = "A Proof Technique for Concurrency Control and Recovery
		Algorithms for Replicated Databases",
  Journal = dc,
  volume = 1,
  Year = 1986
  }

@article{BG86b,
  Author = "Bernstein, Philip A. and Nathan Goodman",
  Title = "Serializability Theory for Replicated Databases",
  Journal = jcss,
  volume = 31,
  number = 3,
  month = dec,
  Year = 1986,
  pages = "355--374"
  }

@book{BHG87,
  Author = "Bernstein, P. A. and V. Hadzilacos and N. Goodman",
  Title = "Concurrency Control and Recovery in Database Systems",
  Publisher = "Addison-Wesley",
  Year = 1987
  }

@inproceedings{BMZ88,
	crossref = "podc88",
	Author = "Biran, Ofer and Moran, Shlomo and Zaks, Shmuel",
	Title = "A combinatorial characterization of the distributed tasks
		that are solvable in the presence of one faulty processor",
	pages = "263--275"
}

@article{BMZ90,
  Author = "Biran, O. and Moran, S. and Zaks, S. ",
  Title = "A Combinatorial characterization of the distributed 1-solvable tasks",
  Journal = "Journal of Algorithms",
  month = sep,
  Year = 1990,
  volume = 11,
  number = 3,
  pages = "420--440"
  }


@MANUAL{BCJKS90,
	TITLE = {Isis - A Distributed Programming Environment},
	AUTHOR = {Birman, Kenneth P. and Cooper, Robert and Joseph, Thomas A. and
		Kane, Kenneth P. and Schmuck, Frank Bernhard},
	MONTH = jun,
	YEAR = 1990
}

@inproceedings{BJ87a,
  Author = "Birman, Kenneth P. and Thomas A. Joseph",
  Title = "Exploiting Virtual Synchrony in Distributed Systems",
  booktitle = "Proceedings of the Eleventh ACM Symposium on Operating
		Systems Principles",
  month = nov,
  Year = 1987,
  pages = "123--138"
  }

@article{BJ87b,
  Author = "Birman, K. P. and T. A. Joseph",
  Title = "Reliable Communication in the Presence of Failures",
  Journal = tocs,
  month = feb,
  Year = 1987,
  volume = 5,
  number = 1,
  pages = "47--76"
  }

@article{AW94,
  Author = "Attiya, Hagit and Jennifer L. Welch",
  Title = "Sequential Consistency versus Linearizability",
  Journal = tocs,
  Year = 1994,
  volume = 12,
  number = 2,
  pages = "91--122"
  }
  
@techreport{BJ88,
  Author = "Birman, Kenneth P. and Thomas A. Joseph",
  Title = "Exploiting Replication",
  number = "88-917",
  Institution = cornellcs,
  month = may,
  Year = 1988,
  note = "To appear in {\em An Advanced Course in Distributed Computing
		(Lecture Notes from the Arctic '88 Short Course)},
		Addison-Wesley, July 1989"
  }

@incollection{BJ89a,
  Author = "Birman, Kenneth P. and Thomas A. Joseph",
  Title = "Reliable Broadcast Protocols",
  Editor = "Mullender, Sape J.",
  booktitle = "An Advanced Course in Distributed Computing",
  Publisher = "Addison-Wesley",
  Year = "1989",
  Chapter = 14
  }

@incollection{BJ89b,
  Author = "Birman, Kenneth P. and Thomas A. Joseph",
  Title = "Exploiting Replication in Distributed Systems",
  Editor = "Mullender, Sape J.",
  booktitle = "An Advanced Course in Distributed Computing",
  Publisher = "Addison-Wesley",
  Year = "1989",
  Chapter = 15
  }

@TECHREPORT{BSS90,
	AUTHOR = {Birman, Kenneth P. and Schiper, Andre and Stephenson, Pat},
	TITLE = {Fast Causal Multicast},
	INSTITUTION = cornellcs,
	YEAR = {1990},
	NUMBER = {90-1105},
	MONTH = apr
}

@article{BSS91,
	AUTHOR = {Birman, Kenneth P. and Schiper, Andre and Stephenson, Pat},
	TITLE = {Lightweight Causal and Atomic Group Multicast},
	Journal = tocs,
	YEAR = {1991},
        Month = aug,
        Volume = 9,
	NUMBER = 3,
	pages = "272--314"
}

@UNPUBLISHED{Br82,
        AUTHOR = {Bracha, Gabriel},
        TITLE = {Personal Communication},
        YEAR = {1982},
	COMMENT = {In this, he describes a BA protocol which requires just
		O(n+t(sqrt(t)) messages}
}

@phdthesis{Bra85,
  Author = "Bracha, Gabriel",
  Title = "Randomized Agreement Protocols and Distributed Deadlock
		Detection Algorithms",
  School = cornell,
  month = jan,
  Year = 1985,
  note = "Department of Computer Science Technical Report 85-657"
  }

@article{Bra87a,
  Author = "Bracha, Gabriel",
  Title = "Asynchronous {Byzantine} Agreement Protocols",
  Journal = ic,
  month = nov,
  Year = 1987,
  volume = 75,
  number = 2,
  pages = "130--143"
  }

@article{Bra87b,
  Author = "Bracha, G.",
  Title = "An {$O(\log n)$} Expected Rounds Randomized
		{Byzantine} Generals Protocol",
  Journal = jacm,
  month = oct,
  Year = 1987,
  volume = 34,
  number = 4,
  pages = "910--920"
  }

@article{BT85,
  Author = "Bracha, Gabriel and Sam Toueg",
  Title = "Asynchronous Consensus and Broadcast Protocols",
  Journal = jacm,
  month = oct,
  Year = 1985,
  volume = 32,
  number = 4,
  pages = "824--840"
  }
  
@article{BT87,
  Author = "Bracha, Gabriel and Sam Toueg",
  Title = "Distributed Deadlock Detection",
  journal = dc,
  year = 1987,
  volume = 2,
  pages = "127--138"
  }

@INPROCEEDINGS{BW87,
	  AUTHOR = "Bridgland, Michael F. and Watro, Ronald J.",
	  TITLE = "Fault-tolerant Decision Making in Totally Asynchronous 
Distributed Systems",
	  PAGES = "52--63",
  booktitle = proc # " Sixth " # podc,
  month = aug,
  Year = 1987,
  confaddress = "Vancouver, British Columbia",
  confeditor = "Fred B. Schneider"
  }

@INPROCEEDINGS{BGT90,
	AUTHOR = {Budhiraja, Navin and Gopal, Ajei and Toueg, Sam},
	TITLE = {Early-Stopping Distributed Bidding and Applications},
	BOOKTITLE = proc # " Fourth " # wdag,
	YEAR = {1990},
	PUBLISHER = springer,
	MONTH = sep,
	NOTE = {In press}
}

@techreport{BN92,
  Author = "Burns, James E. and Gil Neiger",
  Title = "Fast and Simple {Byzantine} Agreement",
  Institution = gatech,
  month = mar,
  Year = 1992,
  number = "92/12"
  }

@inproceedings{BAN88,
  crossref = "tark88",
  Author = "Burrows, Michael and Mart{\'{\i}}n Abadi and Roger Needham",
  Title = "Authentication:  A Practical Study in Belief and Action",
  pages = "325--342"
  }

@article{CD89,
  Author = "Chor, B. and Dwork, C.",
  Title = "Randomization in Byzantine Agreement",
  Journal = "Advances in Computer Research",
  Year = 1989,
  volume = 5,
  pages = "443--497"
  }

@TECHREPORT{ChTo90a,
	AUTHOR = {Chandra, Tushar Deepak and Toueg, Sam},
	TITLE = {Time and Message Efficient Reliable Broadcasts},
	INSTITUTION = {Department of Computer Science, Cornell University},
	YEAR = {1990},
	NUMBER = {90-1094},
	COMMENT = {Do not refer to this! See ChTo90 instead.},
	MONTH = may
}

@INPROCEEDINGS{ChTo90,
	AUTHOR = {Chandra, Tushar Deepak and Toueg, Sam},
	TITLE = {Time and Message Efficient Reliable Broadcasts},
	BOOKTITLE = proc # " Fourth " # wdag,
	  YEAR = {1990},
	  PUBLISHER = springer,
	  MONTH = sep,
	  NOTE = {In press}
}

@UNPUBLISHED{ChTo92,
	AUTHOR = {Chandra, Tushar Deepak and Toueg, Sam},
	TITLE = {Personal Communication},
	YEAR = {1992},
}


@UNPUBLISHED{Mer85,
	AUTHOR = {Merritt, M. J.},
	TITLE = {},
  note = "Unpublished Notes",        
	YEAR = {1985},
}

@article{CT96,
  Author = " Chandra, T. D. and Toueg, S.",
  Title = "Unreliable Failure Detectors for Asynchronous Systems",
  Journal = jacm,
  month = mar,
  Year = 1996,
  volume = 43,
  number = 2,
  pages = "225--267"
  }

@article{CHT96,
  Author = " Chandra, T. D. and Hadzilacos, V. and Toueg, S.",
  Title = "The weakest failure detector for solving consensus ",
  Journal = jacm,
  month = jul,
  Year = 1996,
  volume = 43,
  number = 4,
  pages = "685--722"
  }

@INPROCEEDINGS{ChTo91b,
	Author = "Chandra, Tushar Deepak and Toueg, Sam",
	Title = "Unreliable Failure Detectors for Asynchronous Systems 
(Preliminary Version)",
	BOOKTITLE = proc # " Tenth " # podc,
	MONTH = aug,
	YEAR = 1991,
	PAGES = "325--340",
	PUBLISHER = "ACM Press",
	confaddress = "Montreal, Qu\'{e}bec",
	confeditor = "Richard Ladner",
	NOTE = {An extended and revised version is also available
		by anonymous ftp from {\tt ftp.cs.cornell.edu}
		in {\tt	pub/chandra/failure.detectors.algorithms.dvi.Z}.}
}


@InProceedings{ChHaTo92a,
  author = 	"Chandra, Tushar Deepak and Hadzilacos, Vassos and Toueg, Sam",
  title = 	"The Weakest Failure Detector for Solving Consensus",
  pages = 	"147--158",
  booktitle = proc # " Tenth " # podc,
  month = aug,
  Year = 1992,
  confaddress = "Vancouver, British Columbia",
  confeditor = "Maurice Herlihy",
  NOTE = {An extended and revised version is also available
		by anonymous ftp from {\tt ftp.cs.cornell.edu}
		in {\tt	pub/chandra/failure.detectors.weakest.dvi.Z}.}
  }

}

@InProceedings{CHJT94,
  author = 	"Chandra, T. D. and Hadzilacos, V. and Jayanti, P. and Toueg, S.",
  title = 	"Wait-freedom vs, $t$-resiliency and the robustness of wait-free hierarchies",
  pages = 	"334--343",
  booktitle = proc # " Thirteenth " # podc,
  month = aug,
  Year = 1994,
  confaddress = "Los Angeles, CA USA",
  confeditor = "D. Peleg"}
  
 @article{CHJT04,
  author = 	"Chandra, T. D. and Hadzilacos, V. and Jayanti, P. and Toueg, S.",
  title = 	"Generalized irreducibility of consensus and the equivalence of  $t$-resilient and wait-			free  implementations of consensus",
   Journal = "SIAM Journal of Computing",
  Year = 2004,
  NOTE = {To appear}
  }



@article{CHM83,
  Author = "Chandy, K. Mani and Laura M. Haas and Jayadev Misra",
  Title = "Distributed Deadlock Detection",
  Journal = tocs,
  month = may,
  Year = 1983,
  volume = 1,
  number = 2,
  pages = "144--156"
  }

@article{CL85,
  Author = "Chandy, K. Mani and Leslie Lamport",
  Title = "Distributed Snapshots:  Determining Global States of Distributed
  		Systems",
  Journal = tocs,
  month = feb,
  Year = 1985,
  volume = 3,
  number = 1,
  pages = "63--75"
  }
  
@article{CM86,
  Author = "Chandy, K. Mani and Jayadev Misra",
  Title = "How Processes Learn",
  Journal = dc,
  Year = 1986,
  volume = 1,
  number = 1,
  pages = "40--52"
  }

@book{CM88,
  Author = "Chandy, K. Mani and Jayadev Misra",
  Title = "Parallel Program Design: A foundation",
  Publisher = {Addison-Wesley},
  Address = {Reading Massachusetts},
  Year = 1988
  }

@article{CMax84,
  author = "Chang, Jo-Mei and N.F. Maxemchuk",
  title = "Reliable broadcast protocols",
  journal = tocs,
  year = 1984,
  volume = 2,
  number = 3,
  month = aug,
  pages = "251--273"
}

@INPROCEEDINGS{CAA90,
	  AUTHOR = {S. Y. Cheug and M. Ahamad and M. H. Amnar},
	  TITLE = {The grid protocol: A high performance scheme for maintaining 
replicated data},
	  BOOKTITLE = {Proceedings of the sixth IEEE conference on Data 
Engineering},
	  YEAR = {1990},
	  PAGES = {438--445},
	  MONTH = Jan
}

@inproceedings{CIL87,
  crossref = "podc87",
  Author = "Chor, Benny and Amos Israeli and Ming Li",
  Title = "On Processor Coordination Using Asynchronous Hardware",
  pages = "222--231"
  }

@inproceedings{Coa86,
  crossref = "podc86",
  Author = "Coan, Brian A.",
  Title = "A Communication-Efficient Canonical Form for Fault-Tolerant
		Distributed Protocols",
  pages = "63--72",
  note = "A revised version appears in Coan's Ph.D.\ dissertation~\cite{Coa87}"
  }

@phdthesis{Coa87,
  Author = "Coan, Brian A.",
  Title = "Achieving Consensus in Fault-Tolerant Distributed
		Computer Systems:  Protocols, Lower Bounds, and Simulations",
  School = "Massachusetts Institute of Technology",
  month = jun,
  Year = 1987
  }

@article{Coa88a,
  Author = "Coan, Brian A.",
  Title = "A Compiler that Increases the Fault-Tolerance of Asynchronous
		Protocols",
  Journal = ieeetc,
  volume = 37,
  number = 12,
  month = dec,
  year = 1988,
  pages = "1541--1553"
  }

@inproceedings{Coa88b,
  Author = "Coan, Brian A.",
  Title = "Efficient Agreement using Fault Diagnosis",
  booktitle = "Proceedings of the Twenty-Sixth Annual Allerton Conference
		on Communication, Control, and Computing",
  month = sep,
  Year = 1988
  }

@misc{Coa88c,
  Author = "Coan, Brian A.",
  month = nov,
  Year = 1988,
  note = "Personal communication",
  comment = "Note about 4t+1 / 3t+1 round tradeoff"
  }

@article{CDDS89,
  Author = "Coan, Brian A. and Danny Dolev and Cynthia Dwork
		and Larry Stockmeyer",
  Title = "The Distributed Firing Squad Problem",
  Journal = sicomp,
  month = oct,
  Year = 1989,
  volume = 18,
  number = 5,
  pages = "990--1012"
  }

@INPROCEEDINGS{CW86,
	crossref = "podc86",
	AUTHOR = {Coan, Brian A. and Jennifer L. Welch},
	TITLE = {Transaction Commit in a Realistic Fault Model},
	PAGES = {40--51}
}

@inproceedings{CW89,
  crossref = "podc89",
  Author = "Coan, Brian A. and Jennifer L. Welch",
  Title = "Modular Construction of Nearly Optimal {Byzantine} Agreement
  		Protocols",
  pages = "295--306"
  }

@article{CW92,
  Author = "Coan, Brian A. and Jennifer L. Welch",
  Title = "Modular Construction of a {Byzantine} Agreement Protocol with Optimal 
Message Bit Complexity",
  Journal = ic,
  Volume = 97,
  Number = 1,
  Year = 1992,
  Month = mar,
  pages = "61--85"
  }


@INPROCEEDINGS{Cri87,
	AUTHOR = {Cristian, Flaviu},
	TITLE = {Issues in the Design of Highly Available Computing Services},
	BOOKTITLE = {Annual Symposium of the Canadian Information Processing 
Society},
	YEAR = {1987},
	PAGES = {9--16},
	MONTH = jul,
	Note = "Also IBM Research Report RJ5856, July 1987"
}


@article{Cri91,
author  = {Cristian, Flaviu},
journal = {Distributed Computing},
title = {Reaching agreement on processor group membership in synchronous 
distributed systems},
volume = {4},
number = 4,
pages = {175--187},
month = {April},
year = 1991}


@techreport{Cri88,
  Author = "Cristian, Flaviu",
  Title = "Probabilistic Clock Synchronization",
  Institution = ibmrl,
  month = oct,
  Year = 1988,
  number = "RJ6432"
  }

@article{Cri89a,
  Author = {Flaviu Cristian},
  Title = "Probabilistic Clock Synchronization",
  Journal = dc,
  Year = 1989,
  volume = 3,
  pages = "146--158"
  }


@TECHREPORT{Cri89,
	AUTHOR = {Cristian, Flaviu},
	TITLE = {Synchronous Atomic Broadcast for Redundant Broadcast Channels},
	INSTITUTION = ibmrl,
	YEAR = {1989},
	NUMBER = {RJ7203},
	MONTH = dec,
	NOTE = {Revised April 1990}
}


@article{Cri90b,
  Author = {Cristian, Flaviu},
  Title = {Synchronous Atomic Broadcast for Redundant Broadcast Channels},
  Journal = "Real-Time Systems",
  Year = 1990,
  Month= sep,
  volume = 2,
  number = 3,
  pages = "195--212",
  Note = "Also IBM Research Report RJ7203, December 1989 (revised April 1990)."
  }

@techreport{CDD90,
  Author = "Cristian, Flaviu and Robert D. Dancey and Jon Dehn",
  Title = "Fault-Tolerance in the Advanced Automation System",
  Institution = ibmrl,
  month = apr,
  Year = 1990,
  number = "RJ 7424"
  }

@techreport{Crit89,
  Author = "Critchlow, Carol",
  Title = "On Inhibition and Atomicity in Asynchronous Consistent-Cut
		Protocols",
  Institution = cornellcs,
  month = dec,
  Year = 1989,
  number = "90-1069"
  }

@inproceedings{CT90,
  crossref = "podc90",
  Author = "Critchlow, Carol and Kim Taylor",
  Title = "The Inhibition Spectrum and the Achievement of Causal Consistency",
  note = "An expanded version appears as Cornell University Department of
		Computer Science Technical Report 90-1101"
  }

@inproceedings{CAS86,
  crossref = "ftcs86",
  Author = "Cristian, Flaviu and Houtan Aghili and H. Raymond Strong",
  Title = "Approximate Clock Synchronization despite Omission and
               Performance Faults and Processor Joins"
  }

@inproceedings{CASD85,
  crossref = "ftcs85",
  Author = "Cristian, Flaviu and Houtan Aghili and H. Raymond Strong
		and Danny Dolev",
  Title = "Atomic Broadcast:  From Simple Message Diffusion
		to {Byzantine} Agreement",
  pages = "200--206",
  note = "A revised version appears as IBM Research Laboratory Technical
		Report RJ5244 (April 1989)"
  }
  
@inproceedings{DLA88,
  Author = "Dasgupta, Partha and Richard J. LeBlanc and William F. Appelbe",
  Title = "The {Clouds} Distributed Operating System:  A Functional
		Description, Related Work and Implementation Details",
  booktitle = "Proceedings of the Eighth International Conference on
		Distributed Computing Systems",
  month = jun,
  Year = 1988,
  confaddress = "San Jose, California"
  }
  
@article{Dol82,
  Author = "Dolev, Danny",
  Title = "The {Byzantine} Generals Strike Again",
  Journal = "Journal of Algorithms",
  Year = 1982,
  volume = 3,
  number = 1,
  pages = "14--30"
  }

@article{DDS87,
  Author = "Dolev, D. and C. Dwork and L. Stockmeyer",
  Title = "On the Minimal Synchronism Needed for Distributed Consensus",
  Journal = jacm,
  month = jan,
  Year = 1987,
  volume = 34,
  number = 1,
  pages = "77--97"
  }

@article{DHS86,
  Author = "Dolev, Danny and Joseph Y. Halpern and H. Raymond Strong",
  Title = "On the Possibility and Impossibility of Achieving Clock
		Synchronization",
  Journal = jcss,
  volume = 22,
  number = 2,
  month = apr,
  Year = 1986,
  pages = "230--250"
  }

@article{DLPSW,
  Author = "Dolev, D. and N. A. Lynch and S. S. Pinter and
		E. W. Stark and W. E. Weihl",
  Title = "Reaching Approximate Agreement in the Presence of Faults",
  Journal = jacm,
  month = jul,
  Year = 1986,
  volume = 33,
  number = 3,
  pages = "499--516"
  }

@article{DR85,
  Author = {Dolev, Danny and R{\"{u}}diger Reischuk},
  Title = "Bounds on Information Exchange for {Byzantine} Agreement",
  Journal = jacm,
  month = jan,
  Year = 1985,
  volume = 32,
  number = 1,
  pages = "191--204"
  }

@techreport{DRS86,
  Author = {Dolev, Danny and R{\"{u}}diger Reischuk and H. Raymond Strong},
  Title = "Early Stopping in {Byzantine} Agreement",
  Institution = ibmrl,
  month = dec,
  Year = 1986,
  number = "RJ5406"
  }

@article{DRS90,
  Author = {D. Dolev and R. Reischuk and H. R. Strong},
  Title = "Early Stopping in {Byzantine} Agreement",
  Journal = jacm,
  month = oct,
  Year = 1990,
  volume = 37,
  number = 4,
  pages = "720--741"
  }


@article{DS83,
  Author = "Dolev, Danny and H. Raymond Strong",
  Title = "Authenticated Algorithms for {Byzantine} Agreement",
  Journal = sicomp,
  month = nov,
  Year = 1983,
  volume = 12,
  number = 4,
  pages = "656--666"
  }

@phdthesis{Dru86,
  Author = "Drummond, Rog{\'{e}}rio",
  Title = "Impact of Communication Networks on Fault-Tolerant Distributed
		Computing",
  School = cornell,
  month = jun,
  Year = 1986,
  note = "Department of Computer Science Technical Report 86-748"
  }

@techreport{DHPW92,
  Author = {Dwork, Cynthia and Herlihy, Maurice and Plotkin, Serge and Waarts, 
Orli},
  Title = {Time-Lapse Snapshots},
  number = {STAN-CS-92-1423},
  Institution = {Department of Computer Science, Stanford University},
  month = apr,
  Year = 1992
  }

@inproceedings{DHW92,
  crossref = "podc92",
  Author = "Dwork, Cynthia and Joseph Y. Halpern and Orli Waarts",
  Title = "Performing Work Efficiently in the Presence of Faults",
  pages = "91--102"
  }

@article{DLS88,
  Author = "Dwork, C. and N. A. Lynch and L. Stockmeyer",
  Title = "Consensus in the Presence of Partial Synchrony",
  journal = jacm,
  volume = 35,
  number = 2,
  month = apr,
  year = 1988,
  pages = "288--323"
  }

@article{DM90,
  Author = "Dwork, C. and Y. Moses",
  Title = "Knowledge and Common Knowledge in a {Byzantine} Environment:
  		Crash Failures",
  Journal = ic,
  volume = 88,
  number = 2,
  month = oct,
  Year = 1990,
  pages = "156--186"
  }

@inproceedings{DPPU86,
  crossref = "stoc86",
  Author = "Dwork, Cynthia and D. Peleg and N. Pippenger and Eli Upfal",
  Title = "Fault Tolerance in Networks of Bounded Degree",
  pages = "370--379"
  }

@INPROCEEDINGS{DwSk83,
        AUTHOR = {Dwork, C. and Skeen, D.},
        TITLE = {The Inherent Cost of Nonblocking Commitment},
        BOOKTITLE = {Proceedings of the 2nd Annual ACM Symposium on
              Principles of Distributed Computing},
        YEAR = {1983},
        PAGES = {1--11},
        MONTH = Aug,
}

@INPROCEEDINGS{DwSk84,
        AUTHOR = {Dwork, C. and Skeen, D.},
        TITLE = {Patterns of Communication in Consensus Protocols},
        BOOKTITLE = {Proceedings of the 3rd Annual ACM Symposium on
              Principles of Distributed Computing},
        YEAR = {1984},
        PAGES = {143--153},
        MONTH = Aug,
}

  
@inproceedings{Coo71,
  crossref = "stoc71",
  Author = "Cook, S. A.",
  Title = "The complexity of Theorem-Proving Procedures",
  pages = "151--158"
  }

@INPROCEEDINGS{Ezh87,
        AUTHOR = {Paul D. Ezhilchelvan},
        TITLE = {Early Stopping algorithms for Distributed agreement under
		fail-stop, omission, and timing fault types},
        BOOKTITLE = {IEEE 1987 Sixth Symposium on Reliability in Distributed
		Software and Database Systems},
        YEAR = {1987},
        PAGES = {201-212},
        PUBLISHER = {IEEE computer society press},
        ADDRESS = {Computing Laboratory, The university, Newcastle upon Tyne,
		England}
}

@techreport{FH86,
  Author = "Fagin, Ronald and Joseph Y. Halpern",
  Title = "Belief, Awareness, and Limited Reasoning",
  Institution = ibmrl,
  month = may,
  date = 23,
  Year = 1986,
  number = "RJ4657",
  note = "Also appears in the 1985 {\em Proceedings of IJCAI}"
  }

@inproceedings{FH87,
  Author = "Fagin, Ronald and Joseph Y. Halpern",
  Title = "I'm {OK} if You're {OK}:  On the Notion of Trusting Communication",
  Booktitle = "Proceedings of the Symposium on Logic in Computer Science",
  month = jun,
  Year = 1987,
  confaddress = "Ithaca, New York",
  pages = "280--292",
  note = "Also appears as IBM Research Laboratory Technical Report RJ5600"
  }

@inproceedings{FH88a,
  crossref = "tark88",
  Author = "Fagin, Ronald and Joseph Y. Halpern",
  Title = "Reasoning About Knowledge and Probability:  Preliminary Report",
  pages = "277--294"
  }

@techreport{FH88b,
  Author = "Fagin, Ronald and Joseph Y. Halpern",
  Title = "Uncertainty, Belief, and Probability",
  Institution = ibmrl,
  month = apr,
  Year = 1988,
  Number = "RJ6191"
  }

@techreport{FHM88,
  Author = "Fagin, Ronald and Joseph Y. Halpern and Nimrod Megiddo",
  Title = "A Logic for Reasoning about Probabilities",
  Institution = ibmrl,
  month = apr,
  Year = 1988,
  Number = "RJ6190"
  }

@inproceedings{FHV84,
  crossref = "focs84",
  Author = "Fagin, Ronald and Joseph Y. Halpern and Moshe Y. Vardi",
  Title = "A Model-Theoretic Analysis of Knowledge:  Preliminary Report",
  pages = "268--278",
  note = "Also appears as IBM Research Laboratory Technical Report RJ4373"
  }

@unpublished{FHV87,
  Author = "Fagin, Ronald and Joseph Y. Halpern and Moshe Y. Vardi",
  Title = "What Can Machines Know?  On the Properties of Knowledge in
		Distributed Systems",
  address = "San Jose, California",
  note = "Unpublished manuscript.  An earlier version appears in
		{\em Proceedings of AAAI-86}.",
  month = aug,
  date = 20,
  year = 1987
  }
  
@inproceedings{FV85,
  crossref = "stoc85",
  Author = "Fagin, Ronald and Moshe Y. Vardi",
  Title = "An Internal Semantics for Modal Logic:  Preliminary Report",
  pages = "305--315",
  note = "Also appears as IBM Research Laboratory Technical Report RJ4656"
  }

@inproceedings{FV86,
  crossref = "tark86",
  Author = "Fagin, Ronald and Moshe Y. Vardi",
  Title = "Knowledge and Implicit Knowledge in a Distributed Environment:
  		Preliminary Report",
  pages = "187--206",
  note = "Also appears as IBM Research Laboratory Technical Report RJ4990"
  }

@inproceedings{Fek86,
  crossref = "podc86",
  Author = "Fekete, A. D.",
  Title = "Asymptotically Optimal Algorithms for Approximate Agreement",
  pages = "73--87"
  }
  
@inproceedings{Fek87,
  crossref = "podc87",
  Author = "Fekete, A. D.",
  Title = "Asynchronous Approximate Agreement",
  pages = "64--76"
  }

@article{Fek90,
  Author = "Fekete, Alan D.",
  Title = "Asymptotically Optimal Algorithms for Approximate Agreement",
  Journal = dc,
  Year = 1990,
  volume = 4,
  number = 1,
  pages = "9--30"
  }

@article{Fek93,
  Author = "Fekete, Alan D.",
  Title = "Asynchronous Approximate Agreement",
  Journal = ic,
  Year = 1993,
  NOTE = {To appear}
  }

@Article{FeketeEtAl93,
        author =       "A. D. Fekete and N. Lynch and Y. Mansour and J. Spinelli",
        title =        "The Impossibility of Implementing Reliable
                       Communication in the Face of Crashes",
        journal =      "Journal of the ACM",
        volume =       "40",
        number =       "5",
        year =         "1993",
        pages =        "1087--1107",
      }

@Article{AfekEtAl94,
        author =       "Y. Afek and H. Attiya and A. D. Fekete and M. Fischer and 
N. Lynch and
                       Y. Mansour and D. Wang and L. Zuck",
        title =        "Reliable Communication Over Unreliable Channels",
        journal =      "Journal of the ACM",
        volume =       "41",
        number =       "6",
        year =         "1994",
        pages =        "1267--1297",
      }
	  

@techreport{FM90,
  Author = {Feldman, Paul and Silvio Micali},
  Title = "An Optimal Algorithm for Synchronous {Byzantine} Agreement",
  Institution = mitlcs,
  month = jun,
  Year = 1990,
  number = "MIT/LCS/TM-425"
  }

@ARTICLE{Fer89,
	  AUTHOR = {David Fernandez-Baca},
	  TITLE = {Allocating modules to processors in a distributed system},
	  JOURNAL = ieeese,
	  YEAR = {1989},
	  VOLUME = {15},
	  NUMBER = {11},
	  PAGES = {1427--1436},
	  MONTH = Nov
}

@inproceedings{Fid88,
  Author = "Fidge, Colin",
  Title = "Timestamps in Message-Passing Systems that Preserve the Partial
		Ordering",
  booktitle = "Proceedings of the Eleventh Australian Computer Science
		Conference",
  mon = Feb,
  Year = 1988,
  address = "University of Queensland, Australia"
  }

@techreport{Fis83,
  Author = "Fischer, Michael J.",
  Title = "The Consensus Problem in Unreliable Distributed Systems
		(a Brief Survey)",
  institution = yalecs,
  month = jun,
  Year = 1983,
  number = 273
  }

@inproceedings{FI86,
  crossref = "tark86",
  Author = "Fischer, Michael J. and Neil Immerman",
  Title = "Foundations of Knowledge for Distributed Systems",
  pages = "171--185"
  }

@article{FL82,
  Author = "Fischer, M. J. and N. A. Lynch",
  Title = "A Lower Bound for the Time to Assure Interactive Consistency",
  Journal = ipl,
  Year = 1982,
  volume = 14,
  pages = "183--186"
  }


@article{MW87,
  Author = "Moran, S. and Y. Wolfstahl ",
  Title = "Extended impossibility results for asynchronous complete networks",
  Journal = ipl,
  Year = 1987,
  volume = 26,
  number = 3,
  pages = "145--151"
  }

@article{FLM86,
  Author = "Fischer, M. J. and Lynch, N. A.  and Merritt, M.",
  Title = "Easy Impossibility Proofs for Distributed Consensus Problems",
  Journal = dc,
  month = jan,
  Year = 1986,
  volume = 1,
  pages = "26--39"
  }

@article{FLP85,
  Author = "Fischer, M. J. and N. A. Lynch and M. S. Paterson",
  Title = "Impossibility of Distributed Consensus with one Faulty Process",
  Journal = jacm,
  volume = 32,
  number = 2,
  month = apr,
  Year = 1985,
  pages = "374--382"
  }

@techreport{FZ87,
  Author = "Fischer, Michael J. and Lenore D. Zuck",
  Title = "Relative Knowledge and Belief (extended abstract)",
  Institution = yalecs,
  month = dec,
  Year = 1987,
  number = 589
  }

@techreport{FZ88a,
  Author = "Fischer, Michael J. and Lenore D. Zuck",
  Title = "Reasoning about Uncertainty in Fault-Tolerant Distributed Systems",
  Institution = yalecs,
  month = aug,
  Year = 1988,
  number = 643
  }

@techreport{FZ88b,
  Author = "Fischer, Michael J. and Lenore D. Zuck",
  Title = "Uncertain Knowledge in Distributed Systems",
  Institution = yalecs,
  month = jan,
  Year = 1988,
  number = 604
  }

@INPROCEEDINGS{GMS89,
	AUTHOR = {Hector Garcia-Molina and Annemarie Spauster},
	TITLE = {Message Ordering in a Multicast Environment},
	BOOKTITLE = {Proceedings 9th International Conference on Distributed 
Computing Sytems},
	YEAR = {1989},
	PAGES = {354--361},
	ORGANIZATION = {IEEE},
	MONTH = jun
}

@InProceedings{GafAfe88,  
        author =       "E. Gafni and Y. Afek",
        title =        "End-to-End Communication in Unreliable Networks",
        booktitle =    proc # " Seventh " # podc,
        pages =        "131--148", 
        year =         "1988",
        month =         "August",
        address = 	"Toronto, Ontario, Canada",        
}


		  
@article{G-MS91,
  Author = {Garcia-Molina, Hector and Annemarie Spauster},
  Title = "Ordered and Reliable Multicast Communication",
  Journal = tocs,
  month = aug,
  Year = 1991,
  volume = 9,
  number = 3,
  pages = "242--271"
  }

@unpublished{GM93,
  Author = "Garay, Juan and Yoram Moses",
  Title = "Fully Polynomial {Byzantine} Agreement in $t+1$ rounds",
  Year = 1993,
  Note = "To appear"
  }


@unpublished{GSA89,
  Author = "Ginat, David and A. Udaya Shankar and A. K. Agrawala",
  Title = "An Efficient Solution to the Drinking Philosophers Problem
		and its Extensions",
  month = apr,
  Year = 1989,
  note = "Unpublished manuscript"
  }

@InProceedings{GoHeMa89,
        author =       "O. Goldreich and A. Herzberg and Y. Mansour",
        title =        "Source to Destination Communication in the Presence of
                       Faults",
        booktitle =    "Proceedings of the 8th ACM Symposium on Principles of
                       Distributed Computing (PODC)",
        pages =        "85--102",
        publisher =    "ACM Press , New York, NY , USA",
        address =      "Edmonton, AL CDN",
        year =         "1989",
      }
		  

@INPROCEEDINGS{GSTC90,
	AUTHOR = {Gopal, Ajei and Strong, Ray and Toueg, Sam and Cristian, 
Flaviu},
        booktitle = proc # " Ninth " # podc,
	TITLE = {Early-Delivery Atomic Broadcast},
        month = aug,
        Year = 1990,
        confaddress = "Qu\'{e}bec City, Qu\'{e}bec",
        confeditor = "Cynthia Dwork",
	PAGES = {297--310}
}

@techreport{GT91a,
  Author = "Gopal, Ajei and Sam Toueg",
  Title = "Fault-Tolerant Broadcasts and Multicasts.
	The Problem of Inconsistency and Contamination.
	Part 1: Specifications",
  Institution = cornellcs,
  month = feb,
  Year = 1991,
  number = "91-1189"
  }


@incollection{GT89,
  crossref = "wdag89",
  Author = "Gopal, Ajei and Sam Toueg",
  Title = "Reliable Broadcast in Synchronous and Asynchronous
		Environments (Preliminary Version)",
  pages = "110--123",
  }

@inproceedings{GT91b,
  Author = "Gopal, Ajei and Sam Toueg",
  Title = "Inconsistency and Contamination",
  pages = "257--272",
  booktitle = proc # " Tenth " # podc,
  month = aug,
  Year = 1991,
  confaddress = "Montreal, Qu\'{e}bec",
  confeditor = "Richard Ladner"
  }

@phdthesis{Gop92,
  Author = "Gopal, A.",
  Title = "Fault-Tolerant Broadcasts and Multicasts: The Problem of Inconsistency
           and Contamination",
  School = cornell,
  month = jan,
  Year = 1992
  }

@incollection{Gra78,
  Author = "Gray, James N.",
  Title = "Notes on database operating systems",
  booktitle = "Operating Systems:  An Advanced Course",
  editor = "R. Bayer and R. M. Graham and G. Seegmuller",
  series = lncs,
  Year = 1978,
  volume = 66,
  publisher = springer,
  note = "Also appears as IBM Research Laboratory Technical report RJ2188"
  }

@techreport{Had83,
  Author = "Hadzilacos, Vassos",
  Title = "Byzantine Agreement Under Restricted Types of Failures
		(Not Telling the Truth is Different from Telling Lies)",
  Institution = "Department of Computer Science, Harvard University",
  Year = 1983,
  number = "18-83",
  note = "A revised version appears in Hadzilacos's
		Ph.D.\ dissertation~\cite{Had84}"
  }

@phdthesis{Had84,
  Author = "Hadzilacos, Vassos",
  Title = "Issues of Fault Tolerance in Concurrent Computations",
  School = "Harvard University",
  month = jun,
  Year = 1984,
  note = "Department of Computer Science Technical Report 11-84"
  }
 
@inproceedings{Had87,
  Author = "Hadzilacos, V.",
  Title = "On the Relationship Between the Atomic Commitment
   	and Consensus Problems ",
  booktitle ={Fault Tolerant Distributed Computing},
  series = lncs,
  volume = 448,
  month = {November},
  publisher = springer,
  pages = {201--208},
  year = 1987
}

@article{Had87a,
  Author = "Hadzilacos, Vassos",
  Title = "Connectivity Requirements for {Byzantine} Agreement
		under Restricted Types of Failures",
  Journal = dc,
  volume = 2,
  number = 2,
  Year = 1987,
  pages = "95--103"
  }

@inproceedings{Had87b,
  crossref = "pods87",
  Author = "Hadzilacos, Vassos",
  Title = "A Knowledge Theoretic Analysis of Atomic Commitment Protocols
		(Preliminary Report)",
  pages = "129--134"
  }

@article{HH93,
  Author = "Hadzilacos, Vassos and Joseph Y. Halpern",
  Title = "Message and Bit-Optimal Protocol for {Byzantine} Agreement",
  Journal = mst,
  Year = 1993,
  Volume = 26,
  Number = 1,
  pages = "41--102"
}

@book{HJT99,
  Author = "Hadzilacos, Vassos and Prasad Jayanti and Sam Toueg",
  Title = "Fundamentals of Fault-Tolerant Distributed Computing",
  Note = "Forthcoming"
  }

@inproceedings{Hal86,
  crossref = "tark86",
  Author = "Halpern, Joseph Y.",
  Title = "Reasoning about Knowledge:  an Overview",
  pages = "1--17"
  }

@article{Hal87,
  Author = "Halpern, Joseph Y.",
  Title = "Using Reasoning about Knowledge to Analyze Distributed Systems",
  Journal = "Annual Reviews in Computer Science",
  volume = 2,
  pages = "37--68",
  Year = 1987
  }

@article{HF89,
  Author = "Halpern, Joseph Y. and Ronald Fagin",
  Title = "Modelling Knowledge and Action in Distributed Systems",
  Journal = dc,
  volume = 3,
  number = 4,
  Year = 1989,
  pages = "159--177"
  }

@inproceedings{HM85,
  Author = "Halpern, Joseph Y. and Yoram Moses",
  Title = "A Guide to the Modal Logic of Knowledge and Belief",
  Booktitle = "Proceedings of the Ninth International Joint Conference
		on Artificial Intelligence",
  month = aug,
  Year = 1985,
  pages = "480--490",
  confaddress = "Los Angeles, California",
  publisher = "Morgan Kaufmann"
  }
  
@article{HM90,
  Author = "Halpern, Joseph Y. and Yoram Moses",
  Title = "Knowledge and Common Knowledge in a Distributed Environment",
  Journal = jacm,
  month = jul,
  Year = 1990,
  volume = 37,
  number = 3,
  pages = "549--587"
  }

@techreport{HM87NO,
  Author = "Halpern, Joseph Y. and Yoram Moses",
  Title = "Knowledge and Common Knowledge in a Distributed Environment",
  Institution = ibmrl,
  month = aug,
  Year = 1987,
  Number = "RJ4421",
  note = "An earlier version appeared in the {\em Proceeding of the Third
		ACM Symposium on the Principles of Distributed Computing},
		August 1984.  To appear in the {\em Journal of the ACM}"
  }

@inproceedings{HMT88,
  crossref = "stoc88",
  Author = "Halpern, Joseph Y. and Yoram Moses and Mark R. Tuttle",
  Title = "A Knowledge-Based Analysis of Zero Knowledge",
  pages = "132--147"
  }

@inproceedings{HMW90,
  crossref = "podc90",
  Author = "Halpern, Joseph Y. and Yoram Moses and Orli Waarts",
  Title = "A Characterization of Eventual {Byzantine} Agreement",
  pages = "333--346"
  }


@inproceedings{HS93,
  booktitle = proc # " Twenty fifth " # stoc,
  month = may,
  Year = 1993,
  confaddress = "San Diego, California",
  confeditor = "Alok Aggrawal",
  publisher = "ACM Press",
  Author = {Herlihy, Maurice and Nir Shavit},
  Title = "The Asynchronous Computability Theorem for $t$-Resilient Tasks",
  pages = "111--120"
  }

@inproceedings{HSSD84,
  crossref = "podc84",
  Author = "Halpern, Joseph Y. and Barbara Simons and Ray Strong
			and Danny Dolev",
  Title = "Fault-Tolerant Clock Synchronization",
  pages = "89--102"
  }
    
@misc{HS86,
  author = "Halpern, Joseph Y. and H. Raymond Strong",
  month = mar,
  year = 1986,
  note = "Personal communication",
  comment = "note that Hadzilacos's work was incomplete"
  }

@incollection{HT93,
  Author = "Hadzilacos, Vassos and Toueg, Sam",
  Title = "Fault-tolerant broadcasts and related problems",
  Editor = "Mullender, Sape J.",
  booktitle = "Distributed Systems",
  Publisher = "Addison-Wesley",
  Year = "1993",
  Chapter = 5,
  Pages = {97--145}
  }

@techreport{HT94,
        author = "Hadzilacos, V. and Toueg, S.",
        title = "A modular approach to
        	fault-tolerant broadcasts and related problems",
	institution = "Cornell University",
        number = "TR 94-1425",
        year = "1994",
	month = "May",
        address = "Dept. of Computer Science"
}

@inproceedings{HV86,
  crossref = "stoc86",
  Author = "Halpern, Joseph Y. and Moshe Y. Vardi",
  Title = "The Complexity of Reasoning about Knowledge and Time:
		Extended Abstract",
  pages = "304--315",
  note = "A revised version appears as IBM Research Laboratory Technical Report 
RJ5764"
  }

@techreport{HV87,
  Author = "Halpern, Joseph Y. and Moshe Y. Vardi",
  Title = "The Complexity of Reasoning about Knowledge and Time, {I}:
		Lower Bounds",
  month = aug,
  Institution = ibmrl,
  Year = 1987,
  Number = "RJ5764"
  }

@inproceedings{HZ87,
  crossref = "podc87",
  Author = "Halpern, Joseph Y. and Lenore D. Zuck",
  Title = "A Little Knowledge Goes a Long Way:
	Simple Knowledge-Based Derivations and Correctness Proofs
	for a Family of Protocols",
  pages = "269--280",
  note = "A revised version appears as IBM Research Laboratory Technical
		Report RJ5857"
  }

@article{HW90,
  Author = "Herlihy, Maurice P. and Jeannette M. Wing",
  Title = "Linearizability: A Correctness Condition for Concurrent Objects",
  Journal = toplas,
  Year = 1990,
  Volume = 12,
  Number = 3,
  Pages = "463--492"
    }


@techreport{HA89,
  Author = "Hutto, Phillip W. and Mustaque Ahamad",
  Title = "Slow Memory:  Weakening Consistency to Enhance Concurrency
		in Distributed Shared Memories",
  Institution = gitics,
  month = oct,
  Year = 1989,
  number = "89/39"
  }

@inproceedings{HA90,
  Author = "Hutto, Phillip W. and Mustaque Ahamad",
  Title = "Slow Memory:  Weakening Consistency to Enhance Concurrency
		in Distributed Shared Memories",
  booktitle = "Proceedings of the Tenth International Conference on
		Distributed Computing Systems",
  month = may,
  Year = 1990,
  confaddress = "Paris, France",
  note = "A complete version appears as Georgia Institute
		of Technology School of Information and Computer Science
		Technical Report 89/39"
  }


@inproceedings{JV96,
	crossref = "podc96",
	Author = "Jayaram, M. and Varghese, G.",
	Title = "Crash Failures can Drive Protocols to Arbitrary States",
	pages = "247--256"
}


@article{Jef85,
  Author = "Jefferson, David R.",
  Title = "Virtual Time",
  Journal = toplas,
  month = jul,
  Year = 1985,
  volume = 7,
  number = 3,
  pages = "404--425"
  }

@article{GHS83,
  Author = " Gallager, R. G. and Humblet, P. A. and Spira, P. M.",
  Title = "A distributed algorithm for minimum-weight spanning trees",
  Journal = toplas,
  month = jan,
  Year = 1983,
  volume = 5,
  number = 1,
  pages = "66--77"
  }


@INPROCEEDINGS{CM89,
	crossref = "focs89",
	AUTHOR = {Chor, B. and Moscovici, L.},
	TITLE = {Solvability  in  Asynchronous Environments},
			PAGES = {422--427}
			}

@PhDthesis{Ka92,
  Author = "Kaashoek, M. Frans",
  Title = "Group Communication in Distributed Computer Systems",
  School = "Vrije Universiteit",
  month = dec,
  Year = 1992
}

@ARTICLE{KT88,
	AUTHOR = {Koo, Richard and Toueg, Sam},
	TITLE = {Effects of Message Loss on the Termination of Distributed
		Protocols},
	JOURNAL = ipl,
	YEAR = {1988},
	VOLUME = {27},
	NUMBER = {4},
	PAGES = {181--188},
	MONTH = apr
}

@article{KO87,
  Author = "Kopetz, Hermann and Wilhelm Ochsenreiter",
  Title = "Clock Synchronization in Distributed Real-Time Systems",
  Journal = ieeetc,
  month = aug,
  Year = 1987,
  volume = "C-36",
  number = 8,
  pages = "933--940"
  }

@INPROCEEDINGS{LLS90,
	crossref = "podc90",
	AUTHOR = {Ladin, Rivka and Liskov, Barbara and Shrira, Liuba},
	TITLE = {Lazy replication: Exploiting the semantics of Distributed
		Services},
	PAGES = {43--58}
}

@article{Lam78a,
  Author = "Lamport, L.",
  Title = "Time, Clocks, and the Ordering of Events in a Distributed System",
  Journal = cacm,
  month = jul,
  Year = 1978,
  volume = 21,
  number = 7,
  pages = "558--565"
  }

@ARTICLE{Lam78b,
	AUTHOR = {Lamport, Leslie},
	TITLE = {The Implementation of Reliable Distributed Multiprocess
		Systems},
	JOURNAL = {Computer Networks},
	YEAR = {1978},
	VOLUME = {2},
	PAGES = {95--114}
}

@article{Lam79,
  Author = "Lamport, Leslie",
  Title = "How to Make a Multiprocessor Computer that Correct Executes
		Multiprocess Programs",
  Journal = ieeetc,
  month = sep,
  Year = 1979,
  volume = "C-28",
  number = 9,
  pages = "690--691"
  }

@InProceedings{Lam83a,
  author =      "Lamport, L.",
  title =       "What good is temporal logic?",
  pages =       "657--668",
  booktitle =   "Information Processing 83: proceedings of the IFIP Ninth
                 World Congress",
  month = "September",
  Year = 1983,
  confaddress = "Paris",
  publisher = "IFIP, North-Holland",
  editor = "R. E. A. Mason",
  
}

@InProceedings{LeL77,
  author =      "Le Lann, G.",
  title =       "Distributed Systems--towards a formal approach",
  pages =       "155--160",
  booktitle =   "Information Processing 77: proceedings of the IFIP
                 Congress",
  month = "August",
  Year = 1977,
  confaddress = "Toronto",
  publisher = "IFIP, North-Holland",
  editor = "R. E. A. Mason",
  
}

@article{Lam84,
  Author = "Lamport, Leslie",
  Title = "Using Time Instead of Timeout for Fault-Tolerant
		Distributed Systems",
  Journal = toplas,
  month = apr,
  Year = 1984,
  volume = 6,
  number = 2,
  pages = "254--280"
  }

@article{Lam86a,
  Author = "Lamport, Leslie",
  Title = "On Interprocess Communication; Part {I}:  Basic Formalism",
  Journal = dc,
  volume = 1,
  number = 2,
  pages = "77--85",
  Year = 1986
  }

@article{Lam86b,
  Author = "Lamport, Leslie",
  Title = "On Interprocess Communication; Part {II}:  Algorithms",
  Journal = dc,
  volume = 1,
  number = 2,
  pages = "86--101",
  Year = 1986
  }

@incollection{Lam87,
  Author = "Lamport, Leslie",
  Title = "A Formal Basis for the Specification of Concurrent Systems",
  booktitle = "Distributed Operating Systems.  Theory and Practice",
  series = "NATO Advanced Study Institute Series",
  Year = 1987,
  volume = "F28",
  editor = "Y. Paker et al.",
  publisher = springer,
  pages = "3--47"
  }

@techreport{Lam88,
  Author = "Lamport, Leslie",
  Title = "A Theorem on Atomicity in Distributed Algorithms",
  Institution = "DEC Systems Research Center",
  month = "May 1",
  Year = 1988,
  Number = 28
  }

@techreport{LF82,
  Author = "Lamport, L. and M. Fischer",
  Title = "Byzantine Generals and Transaction Commit Protocols",
  number = 62,
  Institution = "SRI International",
  month = apr,
  Year = 1982
  }

@article{LM-S85,
  Author = "Lamport, Leslie and P. M. Melliar{-}Smith",
  Title = "Synchronizing Clocks in the Presence of Faults",
  Journal = jacm,
  month = jan,
  Year = 1985,
  volume = 32,
  number = 1,
  pages = "52--78"
  }

@article{LSP82,
  Author = "Lamport, L. and R. Shostak and M. Pease",
  Title = "The {Byzantine} Generals Problem",
  Journal = toplas,
  month = jul,
  Year = 1982,
  volume = 4,
  number = 3,
  pages = "382--401"
  }

@TECHREPORT{LG90,
	  AUTHOR = {T. V. Laxmanan and D. Ghoshal},
	  TITLE = {A new $\sqrt{N}$ multiple copy update algorithm and its 
performance evaluation},
	  INSTITUTION = {University of Maryland at College Park},
	  YEAR = {1990},
	  NUMBER = {CS-TR-2502},
	  MONTH = July
}

@article{LD87,
  Author = "Lee, Insup and Susan B. Davidson",
  Title = "Adding Time to Synchronous Process Communications",
  Journal = ieeetc,
  month = aug,
  Year = 1987,
  volume = "C-36",
  number = 8,
  pages = "941--948"
  }

@inproceedings{Leh84,
  crossref = "podc84",
  Author = "Lehmann, Daniel",
  Title = "Knowledge, Common Knowledge, and Related Puzzles",
  pages = "62--67"
  }

@inproceedings{DS84,
  crossref = "podc84",
  Author = "Dwork, C. and Skeen, D.",
  Title = "Patterns of Communication in Consensus Protocols",
  pages = "143--153"
  }


@techreport{LS88,
  Author = "Lipton, Richard J. and Jonathan S. Sandberg",
  Title = "{PRAM}:  A Scalable Shared Memory",
  institution = "Princeton University, Department of Computer Science",
  Number = "180-88",
  month = sep,
  Year = 1988
  }

@inproceedings{Li91,
  Author = "Liskov, Barbara",
  Title = "Practical Uses of Synchronized Clocks in Distributed Systems",
  pages = "1--9",
  booktitle = proc # " Tenth " # podc,
  month = aug,
  Year = 1991,
  confaddress = "Montreal, Qu\'{e}bec",
  confeditor = "Richard Ladner"
  }


@inproceedings{MS85,
  crossref = "podc85",
  Author = "Mahaney, Stephen R. and Fred B. Schneider",
  Title = "Inexact Agreement:  Accuracy, Precision, and Graceful Degradation",
  pages = "237--249"
  }

@inproceedings{Mat88,
  crossref = "bonas",
  Author = "Mattern, Friedemann",
  Title = "Time and Global States of Distributed Systems",
  pages = "215--242"
  }

@inproceedings{Maz88,
  crossref = "tark88",
  Author = "Mazer, Murray S.",
  Title = "A Knowledge Theoretic Account of Recovery in Distributed Systems:
		The Case of Negotiated Commitment",
  pages = "309--324"
  }

@inproceedings{Maz90,
  crossref = "tark90",
  Author = "Mazer, Murray S.",
  Title = "A Link between Knowledge and Communication in Faulty Distributed
		Systems"
  }

@inproceedings{Mic89a,
  crossref = "podc89",
  Author = "Michel, Ruben",
  Title = "A Categorical Approach to Distributed Systems, Expressibility
		and Knowledge",
  pages = "129--143",
  note = "Revised version dated November 1989"
  }

@phdthesis{Mic89b,
  Author = "Michel, Ruben",
  Title = "Knowledge in Distributed Byzantine Environments",
  School = "Yale University",
  month = dec,
  Year = 1989
  }

@unpublished{Mic89c,
  Author = "Michel, Ruben",
  Title = "The Most Efficient Simulation of the Full-Information Protocol",
  month = nov,
  Year = 1989,
  note = "Unpublished manuscript"
  }

@unpublished{Mic89d,
  Author = "Michel, Ruben",
  Title = "Polynomial Protocols Necessarily Miss Simultaneous Byzantine
		Agreement",
  month = nov,
  Year = 1989,
  note = "Unpublished manuscript"
  }

@inproceedings{MSF83,
  crossref= "podc83",
  Author = "Mohan, C. and R. Strong and S. Finkelstein",
  Title = "Methods for Distributed Transaction Commit and Recovery
		Using {Byzantine} Agreement within Clusters of Processors",
  pages = "89--103"
  }

@INPROCEEDINGS{MT89,
	crossref = "wdag89",
	  AUTHOR = {Moran, Shlomo and Taubenfeld, Gadi},
	  TITLE = {Possibility and Impossibility Results in a Shared Memory 
Environment},
	  PAGES = {254--267}
}

@article{Mor85,
  Author = "Morgan, Carroll",
  Title = "Global and Logical Time in Distributed Algorithms",
  Journal = ipl,
  month = may,
  Year = 1985,
  volume = 20,
  number = 4,
  pages = "189--194"
  }
  
@inproceedings{Mos88,
  crossref = "tark88",
  Author = "Moses, Yoram",
  Title = "Resource-bounded Knowledge (Extended Abstract)",
  pages = "261--276"
  }

@article{MDH86,
  Author = "Moses, Yoram and Danny Dolev and Joseph Y. Halpern",
  Title = "Cheating Husbands and Other Stories:
		a Case Study of Knowledge, Action, and Communication",
  Journal = dc,
  Volume = 1,
  number = 3,
  Year = 1986,
  pages = "167--176"
  }

@article{MT88,
  Author = "Moses, Yoram and Mark R. Tuttle",
  Title = "Programming Simultaneous Actions Using Common Knowledge",
  Journal = "Algorithmica",
  Year = 1988,
  volume = 3,
  number = 1,
  pages = "121--169"
  }

@inproceedings{MW88,
  crossref = "focs88",
  Author = "Moses, Yoram and Orli Waarts",
  Title = "Coordinated Traversal: $(t+1)$-Round {Byzantine} Agreement
		in Polynomial Time",
  pages = "246--255"
  }

@inproceedings{Nei88a,
  crossref = "tark88",
  Author = "Neiger, Gil",
  Title = "Knowledge Consistency:  A Useful Suspension of Disbelief
		(preliminary report)",
  pages = "295--308"
  }

@phdthesis{Nei88b,
  Author = "Neiger, Gil",
  Title = "Techniques for Simplifying the Design of Distributed Systems",
  School = cornell,
  month = aug,
  Year = 1988,
  note = "Department of Computer Science Technical Report 88-933"
  }
 
@unpublished{Nei90,
  Author = "Neiger, Gil",
  Title = "Using Knowledge to Achieve Consistent Coordination in Distributed
		Systems",
  note = "In preparation",
  month = jul,
  Year = 1990
  }

@inproceedings{NT87,
  Author = "Neiger, Gil and Sam Toueg",
  Title = "Substituting for Real Time and Common Knowledge in
  		Asynchronous Distributed Systems (preliminary version)",
  pages = "281--293",
  booktitle = proc # " Sixth " # podc,
  month = aug,
  Year = 1987,
  confaddress = "Vancouver, British Columbia",
  confeditor = "Fred B. Schneider",
  note = "A revised and expanded version appears as:
	Simulating Synchronized Clocks and Common Knowledge in Distributed 
Systems.
	{\em Journal of the ACM}, 40(2):334--367, April 1993."
  }

@inproceedings{NT88,
  crossref = "bonas",
  Author = "Neiger, Gil and Sam Toueg",
  Title = "Providing Design Abstractions in Distributed Systems",
  pages = "227--242"
  }

@article{NT90a,
  Author = "Neiger, Gil and Sam Toueg",
  Title = "Automatically Increasing the Fault-Tolerance
		of Distributed Algorithms",
  Journal = "Journal of Algorithms",
  month = sep,
  Year = 1990,
  volume = 11,
  number = 3,
  pages = "374--419"
  }

@article{NT93,
  Author = "Neiger, Gil and Sam Toueg",
  Title = "Simulating Synchronized Clocks and Common Knowledge in Distributed
          Systems",
  Journal = jacm,
  month = apr,
  Year = 1993,
  volume = 40,
  number = 2,
  pages = "334--377"	
  }

@incollection{NT90c,
  crossref = "wdag90",
  Author = "Neiger, Gil and Mark R. Tuttle",
  Title = "Common Knowledge and Consistent Simultaneous Coordination",
  pages = "334--352",
  booktitle = proc # " Fourth " # wdag,
  editor = "J. van Leeuwen and N. Santoro",
  confaddress = "Bari, Italy",
  series = lncs,
  month = sep,
  Year = 1990,
  publisher = springer,		  
  }

@inproceedings{NP86,
  Author = "Nguyen, Van and Kenneth J. Perry",
  Title = "Knowledge, Communication, and Time",
  Booktitle = "IFIP Working Group 2.6 Working Conference on Knowledge
  		and Data",
  confaddress = "Albufeira, Portugal",
  month = nov,
  Year = 1986
  }

@inproceedings{Owi93,
  crossref = "podc93",
  Author = "Owicki, Susan S.",
  Title = "A Perspective on {AN2}: Local Area Network as Distributed System",
  pages = "1--12"
  }

@inproceedings{PT88,
  crossref = "podc88",
  Author = "Panangaden, Prakash and Kim Taylor",
  Title = "Concurrent Common Knowledge:  a New Definition of
		Agreement for Asynchronous Systems",
  pages = "197--209",
  note = "To appear in {\em Distributed Computing}"
  }

@article{Pap79,
  Author = "Papadimitriou, Christos H.",
  Title = "The Serializability of Concurrent Database Updates",
  Journal = jacm,
  volume = 26,
  number = 4,
  month = oct,
  Year = 1979,
  pages = "55--79"
  }

@incollection{Par84,
  Author = "Parikh, Rohit",
  Title = "Logics of Knowledge, Games and Dynamic Logic",
  booktitle = "Proceedings of the Fourth Conference on Foundations of
		Software Technology and Theoretical Computer Science",
  confaddress = "Bangalore, India",
  editor = "Mathai Joseph and Rudrapatna Shyamasundar",
  series = lncs,
  month = dec,
  Year = 1984,
  volume = 181,
  publisher = springer,
  pages = "202--222"
  }

@incollection{PR85a,
  Author = "Parikh, Rohit and R. Ramanujam",
  Title = "Distributed Processes and the Logic of Knowledge",
  booktitle = "Proceedings of the Conference on Logics of Programs",
  editor = "Rohit Parikh",
  confaddress = "Brooklyn, New York",
  series = lncs,
  month = jun,
  Year = 1985,
  volume = 193,
  publisher = springer,
  pages = "256--268"
  }

@unpublished{PR85b,
  Author = "Parikh, Rohit and R. Ramanujam",
  Title = "Knowledge, Information and Protocols (extended abstract)",
  Year = 1985,
  Note = "Unpublished manuscript"
  }

@article{PSL80,
  Author = "Pease, M. and Shostak, R. and Lamport, L.",
  Title = "Reaching Agreement in the Presence of Faults",
  Journal = jacm,
  month = apr,
  Year = 1980,
  volume = 27,
  number = 2,
  pages = "228--234"
  }

@phdthesis{Per85,
  Author = "Perry, K. J.",
  Title = "Early Stopping Protocols for Fault-Tolerant Distributed Agreement",
  School = cornell,
  month = feb,
  Year = 1985,
  note = "Department of Computer Science Technical Report 85-662"
  }

@unpublished{Per87,
  Author = "Perry, Kenneth J.",
  Title = "A Framework for Agreement",
  month = feb,
  Year = 1987,
  Note = "Unpublished manuscript"
  }

@TECHREPORT{PT84,
        AUTHOR = {Perry, Kenneth J. and Toueg, Sam},
        TITLE = {An authenticated {B}yzantine Generals algorithm with early 
stopping},
        INSTITUTION = {Department of Computer Science, Cornell University},
        YEAR = {1984},
        NUMBER = {84-620},
        MONTH = Jun
}

@article{PT86,
  Author = "Perry, K. J. and S. Toueg",
  Title = "Distributed Agreement in the Presence of Processor and
		Communication Faults",
  Journal = ieeese,
  month = mar,
  Year = 1986,
  volume = 12,
  number = 3,
  pages = "477--482"
  }

@article{PBS89,
	AUTHOR = {Peterson, Larry L. and Bucholz, Nick C. and Schlichting, Richard 
D.},
	TITLE = {Preserving and using context information in interprocess 
communication},
	Journal = tocs,
	YEAR = 1989,
	MONTH = Aug,
	Volume = 7,
        Number = 3,
	PAGES = "217--246"
}

@article{PGM89,
  Author = "Pittelli, Frank and Hector Garcia-Molina",
  title = "Reliable Scheduling in a TMR database System",
  journal = tocs,
  year = 1989,
  volume = 7,
  number = 1,
  month = feb,
  pages = "25--60"
}

@inproceedings{Rab83,
  crossref = "focs83",
  Author = "Rabin, Michael",
  Title = "Randomized {Byzantine} Generals",
  pages = "403--409"
  }

@ARTICLE{RST90,
	AUTHOR = {Raynal, Michel and Schiper, Andre and Toueg, Sam},
	TITLE = {The Causal Ordering Abstraction and a Simple Way to
		Implement it},
	JOURNAL = ipl,
	YEAR = {1991},
	VOLUME = 39,
        PAGES = " 343--350"
}

@TECHREPORT{Rei82,
	AUTHOR = {Reischuk, R{\"{u}}diger},
	TITLE = {A new solution for the {B}yzantine general's problem},
	INSTITUTION = {IBM Research Laboratory},
	YEAR = {1982},
	NUMBER = {RJ 3673},
	MONTH = Nov
}



@INPROCEEDINGS{RiBi91,
	AUTHOR = {Ricciardi, Aleta and Birman, Ken},
	TITLE = {Using Process Groups to Implement Failure Detection in
								Asynchronous 
Environments},
	BOOKTITLE = proc # " Tenth " # podc,
	MONTH = aug,
	YEAR = 1991,
	PAGES = "341--351",
	PUBLISHER = "ACM Press",
	confaddress = "Montreal, Qu\'{e}bec",
	confeditor = "Richard Ladner"
}

@article{RSA78,
  Author = "Rivest, Ronald L. and Adi Shamir and Leonard Adleman",
  Title = "A Method for Obtaining Digital Signatures and {Public-Key}
		Cryptosystems",
  Journal = cacm,
  month = feb,
  Year = 1978,
  volume = 21,
  number = 2,
  pages = "120--126"
  }

@article{Sch90,
  Author = {Fred B. Schneider},
  Title = "Implementing Fault-Tolerant Services Using the State Machine Approach: 
A Tutorial",
  Journal = surveys,
  month = dec,
  Year = 1990,
  volume = 22,
  number = 4,
  pages = "299--319"
  }


@ARTICLE{SGS84,
	AUTHOR = {Schneider, Fred B. and Gries, David and Schlichting, Richard
		D.},
	TITLE = {Fault-Tolerant Broadcasts},
	JOURNAL = {Science of Computer Programming},
	YEAR = {1984},
	VOLUME = {4},
	NUMBER = 1,
	MONTH = apr,
	PAGES = {1--15}
}
@ARTICLE{EF82,
	AUTHOR = {Elrad, T.E. and Francez, N.}, 
	TITLE = {Decomposition of distributed programs into communication-closed-layers},
	JOURNAL = {Science of Computer Programming},
	YEAR = {1982},
	VOLUME = {2},
	NUMBER = 3,
	MONTH = apr
}

@article{SS83,
  Author = "Schlichting, Richard D. and Fred B. Schneider",
  Title = "Fail-Stop Processors: an Approach to Designing Fault-Tolerant Computing 
Systems",
  Journal = tocs,
  month = aug,
  Year = 1983,
  volume = 1,
  number = 3,
  pages = "222--238"
  }

@phdthesis{Sch88,
  Author = "Schmuck, Frank Bernhard",
  Title = "The Use of Efficient Broadcast Protocols in Asynchronous
		Distributed Systems",
  School = cornell,
  month = aug,
  Year = 1988,
  note = "Department of Computer Science Technical Report 88-928"
  }
  
@article{Sch82,
  Author = "Fred B. Schneider",
  Title = "Synchronization in Distributed Programs",
  Journal = toplas,
  month = apr,
  Year = 1982,
  volume = 4,
  number = 2,
  pages = "125--148"
  }

@article{Sch84,
  Author = "Fred B. Schneider",
  Title = "Byzantine Generals in Action:  Implementing Fail-Stop Processors",
  Journal = tocs,
  month = may,
  Year = 1984,
  volume = 2,
  number = 2,
  pages = "145--154"
  }

@techreport{Sch86,
  Author = "Fred B. Schneider",
  Title = "The State Machine Approach:  a Tutorial",
  number = "86-800",
  institution = cornellcs,
  month = dec,
  Year = 1986,
  note = "Revised June 1987"
  }

@unpublished{SY89,
  Author = "Shanbhogue, Vasant and Moti Yung",
  Title = "Distributed Consensus in the Presence of Byzantine Edges
  		in Asynchronous Networks",
  month = dec,
  Year = 1989,
  note = "Unpublished manuscript"
  }

@PHDTHESIS{Sk82,
	AUTHOR = {Skeen, Dale},
	TITLE = {Crash Recovery in a Distributed Database System},
	SCHOOL = {University of California at Berkeley, Department of EECS},
	YEAR = {1982}
}

@phdthesis{Sri86,
  Author = "T. K. Srikanth",
  Title = "Designing Fault-Tolerant Algorithms for Distributed Systems
  		Using Communication Primitives",
  School = cornell,
  month = feb,
  Year = 1986,
  note = "Department of Computer Science Technical Report 86-739"
  }

@article{ST87a,
  Author = "T. K. Srikanth and Sam Toueg",
  Title = "Optimal Clock Synchronization",
  Journal = jacm,
  month = jul,
  Year = 1987,
  volume = 34,
  number = 3,
  pages = "626--645"
  }

@article{ST87b,
  Author = "T. K. Srikanth and Sam Toueg",
  Title = "Simulating Authenticated Broadcasts to Derive
		Simple Fault-Tolerant Algorithms",
  Journal = dc,
  Year = 1987,
  volume = 2,
  number = 2,
  pages = "80--94"
  }

@inproceedings{SZ93,
  booktitle = proc # " Twenty fifth " # stoc,
  month = may,
  Year = 1993,
  confaddress = "San Diego, California",
  confeditor = "Alok Aggrawal",
  publisher = "ACM Press",
  Author = {Saks, Michael and Fotios Zaharoglou},
  Title = "Wait-Free $k$-Set Agreement is Impossible: The Topology of Public 
Knowledge",
  pages = "101--110"
  }
  
@book{Tan81,
  Author = "Tanenbaum, Andrew S.",
  Title = "Computer Networks",
  Publisher = "Prentice-Hall",
  Year = 1981
  }

@incollection{Tay89,
  crossref = "wdag89",
  Author = "Taylor, Kim",
  Title = "The Role of Inhibition in Asynchronous Consistent Cut Protocols",
  pages = "280--291"
  }

@phdthesis{Tay90,
  Author = "Taylor, Kimberly E.",
  Title = "Knowledge and Inhibition in Asynchronous Distributed Systems",
  School = cornell,
  month = jul,
  Year = 1990,
  note = "Department of Computer Science Technical Report 90-1139"
  }

@inproceedings{Tom88,
  crossref = "tark88",
  Author = "Tompa, Martin",
  Title = "Zero Knowledge Interactive Proofs of Knowledge (A Digest)",
  pages = "1--12"
  }

@inproceedings{Tou84,
  crossref = "podc84",
  Author = "Toueg, Sam",
  Title = "Randomized {Byzantine} Agreements",
  pages = "163--178"
  }

@article{TPS87,
  Author = "Toueg, Sam and Kenneth J. Perry and T. K. Srikanth",
  Title = "Fast Distributed Agreement",
  Journal = sicomp,
  month = jun,
  Year = 1987,
  volume = 16,
  number = 3,
  pages = "445--457"
  }

@INPROCEEDINGS{VM90,
AUTHOR = "Ver\'{\i}ssimo, Paulo and Marques,Jos\'{e} A.",
TITLE = "Reliable Broadcast for Fault-Tolerance on Local Computer Networks",
BOOKTITLE  =  "Proceedings of the Ninth Symposium on Reliable Distributed 
Systems",
ORGANIZATION = "IEEE",
YEAR = "1990",
MONTH=oct,
ADDRESS = "Huntsville, Alabama-USA"
}

@MASTERSTHESIS{Web89,
        AUTHOR = {Weber, Samuel},
        TITLE = {Bounds on the message Complexity of {B}yzantine Agreement},
        SCHOOL = {University of Toronto},
        YEAR = {1989},
        MONTH = Oct
}

@article{Wel87,
  Author = "Welch, Jennifer Lundelius",
  Title = "Simulating Synchronous Processors",
  Journal = ic,
  month = aug,
  Year = 1987,
  volume = 74,
  number = 2,
  pages = "159--171"
  }

@article{WL88,
  Author = "Welch, Jennifer Lundelius and Nancy A. Lynch",
  Title = "A New Fault-Tolerant Algorithm for Clock Synchronization",
  Journal = ic,
  month = apr,
  Year = 1988,
  volume = 77,
  number = 1,
  pages = "1--36"
  }

@article{Wen78,
  Author = {Wensley, J. H. and L. Lamport and J. Goldberg and M. W. Green and
            K. N. Levitt and P.M. Melliar-Smith and R. E. Shostak and C. B. 
            Weinstock},
  Title = "{SIFT}: Design and Analysis of a Fault-Tolerant Computer for Aircraft 
Control",
  Journal = "Proceedings of the IEEE",
  month = oct,
  Year = 1978,
  volume = 66,
  number = 10,
  pages = "1240--1255"
  }



@proceedings{podc83,
  booktitle = proc # " Second " # podc,
  title = proc # " Second " # podc,
  month = aug,
  Year = 1983,
  confaddress = "Montreal, Qu\'{e}bec",
  confeditor = "Nancy A. Lynch"
  }

@proceedings{podc84,
  booktitle = proc # " Third " # podc,
  title = proc # " Third " # podc,
  month = aug,
  Year = 1984,
  confaddress = "Vancouver, British Columbia",
  confeditor = "Jayadev Misra"
  }

@proceedings{podc85,
  booktitle = proc # " Fourth " # podc,
  title = proc # " Fourth " # podc,
  month = aug,
  Year = 1985,
  confaddress = "Minaki, Ontario",
  confeditor = "Ray Strong"
  }

@proceedings{podc86,
  booktitle = proc # " Fifth " # podc,
  title = proc # " Fifth " # podc,
  month = aug,
  Year = 1986,
  confaddress = "Calgary, Alberta",
  confeditor = "Joseph Halpern"
  }

@proceedings{podc87,
  booktitle = proc # " Sixth " # podc,
  title = proc # " Sixth " # podc,
  month = aug,
  Year = 1987,
  confaddress = "Vancouver, British Columbia",
  confeditor = "Fred B. Schneider"
  }

@proceedings{podc88,
  booktitle = proc # " Seventh " # podc,
  title = proc # " Seventh " # podc,
  month = aug,
  Year = 1988,
  confaddress = "Toronto, Ontario",
  confeditor = "Danny Dolev"
  }

@proceedings{podc89,
  booktitle = proc # " Eighth " # podc,
  title = proc # " Eighth " # podc,
  month = aug,
  Year = 1989,
  confaddress = "Edmonton, Alberta",
  confeditor = "Michael Merritt"
  }

@proceedings{podc90,
  booktitle = proc # " Ninth " # podc,
  title = proc # " Ninth " # podc,
  month = aug,
  Year = 1990,
  confaddress = "Qu\'{e}bec City, Qu\'{e}bec",
  confeditor = "Cynthia Dwork"
  }

@proceedings{podc91,
  booktitle = proc # " Tenth " # podc,
  title = proc # " Tenth " # podc,
  month = aug,
  Year = 1991,
  confaddress = "Montreal, Qu\'{e}bec",
  confeditor = "Richard Ladner"
  }

@proceedings{podc92,
  booktitle = proc # " Eleventh " # podc,
  title = proc # " Eleventh " # podc,
  month = aug,
  Year = 1992,
  confaddress = "Vancouver, British Columbia",
  confeditor = "Maurice Herlihy"
  }

@proceedings{podc93,
  booktitle = proc # " Twelfth " # podc,
  title = proc # " Twelfth " # podc,
  month = aug,
  Year = 1993,
  confaddress = "Ithaca, New York",
  confeditor = "Sam Toueg"
  }
  
@proceedings{podc96,
  booktitle = proc # " Fifteenth " # podc,
  title = proc # " Fifteenth " # podc,
  month = may,
  Year = 1996,
  confaddress = "Philadelphia, Pennsylvania",
  confeditor = "Yoram Moses"
  }
  
@proceedings{tark86,
  editor = "Joseph Y. Halpern",
  publisher = "Morgan Kaufmann",
  booktitle = proc # " First " # tark,
  title = proc # " First " # tark,
  month = mar,
  year = 1986,
  confaddress = "Pacific Grove, California"
  }

@proceedings{tark88,
  editor = "Moshe Y. Vardi",
  publisher = "Morgan Kaufmann",
  booktitle = proc # " Second " # tark,
  title = proc # " Second " # tark,
  month = mar,
  year = 1988,
  confaddress = "Pacific Grove, California"
  }

@proceedings{tark90,
  editor = "Moshe Y. Vardi",
  publisher = "Morgan Kaufmann",
  booktitle = proc # " Third " # tark,
  title = proc # " Third " # tark,
  month = mar,
  year = 1990,
  confaddress = "Pacific Grove, California"
  }

@proceedings{ftcs85,
  booktitle = proc # " Fifteenth " # ftcs,
  title = proc # " Fifteenth " # ftcs,
  month = jun,
  Year = 1985,
  confaddress = "Ann Arbor, Michigan"
  }

@proceedings{ftcs86,
  booktitle = proc # " Sixteenth " # ftcs,
  title = proc # " Sixteenth " # ftcs,
  month = jul,
  Year = 1986,
  confaddress = "Vienna, Austria"
  }
  
@proceedings{ftcs87,
  booktitle = proc # " Seventeenth " # ftcs,
  title = proc # " Seventeenth " # ftcs,
  month = jul,
  Year = 1987,
  confaddress = "Pittsburgh, Pennsylvania",
  publisher = "IEEE Computer Society Press",
  confeditor = "Flaviu Cristian and Jack Goldberg"
  }

@proceedings{ftcs92,
  booktitle = proc # " Twenty Second " # ftcs,
  title = proc # " Twenty Second " # ftcs,
  month = jul,
  Year = 1992,
  publisher = "IEEE Computer Society Press"
  }

@proceedings{focs83,
  booktitle = proc # " Twenty-Fourth " # focs,
  title = proc # " Twenty-Fourth " # focs,
  month = nov,
  Year = 1983,
  confaddress = "Tucson, Arizona",
  publisher = "IEEE Computer Society Press",
  confeditor = "Lawrence Snyder"
  }

@proceedings{focs84,
  booktitle = proc # " Twenty-Fifth " # focs,
  title = proc # " Twenty-Fifth " # focs,
  month = oct,
  Year = 1984,
  publisher = "IEEE Computer Society Press",
  confaddress = "West Palm Beach, Florida"
  }

@proceedings{focs86,
  booktitle = proc # " Twenty-Seventh " # focs,
  title = proc # " Twenty-Seventh " # focs,
  month = oct,
  Year = 1986,
  publisher = "IEEE Computer Society Press",
  confaddress = "Toronto, Ontario"
  }

@proceedings{focs87,
  booktitle = proc # " Twenty-Eighth " # focs,
  title = proc # " Twenty-Eighth " # focs,
  month = oct,
  Year = 1987,
  publisher = "IEEE Computer Society Press",
  confaddress = "Los Angeles, California",
  confeditor = "Ashok Chandra"
  }

@proceedings{focs88,
  booktitle = proc # " Twenty-Ninth " # focs,
  title = proc # " Twenty-Ninth " # focs,
  month = oct,
  Year = 1988,
  confaddress = "White Plains, New York",
  publisher = "IEEE Computer Society Press",
  confeditor = "Dexter Kozen"
  }

@proceedings{focs89,
  booktitle = proc # " Thirtieth " # focs,
  title = proc # " Thirtieth " # focs,
  month = oct,
  Year = 1989,
  confaddress = "Research Triangle Park, North Carolina",
  publisher = "IEEE Computer Society Press",
  confeditor = "Zvi Galil"
  }
  
@proceedings{stoc71,
  booktitle = proc # " Third " # stoc,
  title = proc # " Third " # stoc,
  month = may,
  Year = 1971,
 confaddress = "Shaker Heights, Ohio"
  }

@proceedings{stoc85,
  booktitle = proc # " Seventeenth " # stoc,
  title = proc # " Seventeenth " # stoc,
  month = may,
  Year = 1985,
  confaddress = "Providence, Rhode Island",
  confeditor = "Nicholas Pippenger"
  }

@proceedings{stoc86,
  booktitle = proc # " Eighteenth " # stoc,
  title = proc # " Eighteenth " # stoc,
  month = may,
  Year = 1986,
  confaddress = "Berkeley, California"
  }

@proceedings{stoc88,
  booktitle = proc # " Twentieth " # stoc,
  title = proc # " Twentieth " # stoc,
  month = may,
  Year = 1988,
  confaddress = "Chicago, Illinois",
  confeditor = "Jeff Ullman"
  }

@proceedings{stoc91,
  booktitle = proc # " Twenty third " # stoc,
  title = proc # " Twenty third " # stoc,
  month = may,
  Year = 1991,
  confaddress = "New Orleans, Louisiana",
  confeditor = "Jeff Vitter"
  }

@proceedings{stoc93,
  booktitle = proc # " Twenty fifth " # stoc,
  title = proc # " Twenty fifth " # stoc,
  month = may,
  Year = 1993,
  confaddress = "San Diego, California",
  confeditor = "Alok Aggrawal",
  publisher = "ACM Press"
  }
  
@proceedings{pods87,
  booktitle = proc # " Sixth " # pods,
  title = proc # " Sixth " # pods,
  month = mar,
  Year = "1987",
  confaddress = "San Diego, California",
  publisher = "ACM Press"
  }

@proceedings{bonas,
  title = "Proceedings of the International Workshop on Parallel and
  		Distributed Algorithms",
  booktitle = "Proceedings of the International Workshop on Parallel and
  		Distributed Algorithms",
  confaddress = "Ch\^{a}teau de Bonas, Gers, France",
  month = oct,
  Year = 1988,
  publisher = "North-Holland",
  editor = "Michel Cosnard and Patrice Quinton and Yves Robert
		and Michel Raynal",
  }
		  
@InProceedings{WanZuc89,
        author =       "D. Wang and L. Zuck",
        title =        "Tight Bounds for the Sequence Transmission Problem",
        booktitle =     proc # " 8th " # podc,
        pages =         "73--83",
        month = aug,
        year =         "1989",
        confaddress = "Edmonton, Alb., Canada",
      }



@inproceedings{Li91,
  Author = "Liskov, Barbara",
  Title = "Practical Uses of Synchronized Clocks in Distributed Systems",
  pages = "1--9",
  booktitle = proc # " Tenth " # podc,
  month = aug,
  Year = 1991,
  confaddress = "Montreal, Qu\'{e}bec",
  confeditor = "Richard Ladner"
  }







@proceedings{wdag89,
  booktitle = proc # " Third " # wdag,
  title = proc # " Third " # wdag,
  editor = "J.-C. Bermond and M. Raynal",
  confaddress = "Nice, France",
  series = lncs,
  month = sep,
  Year = 1989,
  volume = 392,
  publisher = springer
  }

@proceedings{wdag90,
  booktitle = proc # " Fourth " # wdag,
  title = proc # " Fourth " # wdag,
  editor = "J. van Leeuwen and N. Santoro",
  confaddress = "Bari, Italy",
  series = lncs,
  month = sep,
  Year = 1990,
  publisher = springer,
  }

@proceedings{wdag91,
  booktitle = proc # " Fifth " # wdag,
  title = proc # " Fifth " # wdag,
  editor = "S. Toueg and P.G. Spirakis and L. Kirousis",
  confaddress = "Delphi, Greece",
  series = lncs,
  month = oct,
  Year = 1991,
  publisher = springer,
  }

@proceedings{wdag92,
  booktitle = proc # " Sixth " # wdag,
  title = proc # " Sixth " # wdag,
  editor = "A. Segal and S. Zaks",
  confaddress = "Haifa, Israel",
  series = lncs,
  month = nov,
  Year = 1992,
  publisher = springer,
  }
		  
@InProceedings{ISIS,
        author =       "K. Birman",
        title =        "Replication and Fault-Tolerance in the {ISIS} System",
        booktitle =    "Proceedings of the 10th ACM Symposium on Operating
                       Systems Principles",
        pages =        "79--86",
        address =      "Orcas Island, WA USA",
        year =         "1985"
}
		  	  


@Article{Att,
        author =       "H. Attiya and A. Bar-Noy and D. Dolev and D. Peleg and
                       R. Reischuk",
        title =        "Renaming in an Asynchronous Environment",
        journal =      "Journal of the ACM",
        volume =       "37",
        number =       "3",
        pages =        "524--548",
        publisher =    "ACM Press , New York, NY , USA",
        year =         "1990",
      }

@Article{ABD95,
        author =       "H. Attiya and A. Bar{-}Noy and D. Dolev ",
        title =        "Sharing Memory Robustly in Message-Passing
                        Systems",
        journal =      "Journal of the ACM",
        volume =       "42",
        number =       "1",
        pages =        "124--142",
        publisher =    "ACM Press , New York, NY , USA",
        year =         "1995",
      }
		 
@InProceedings{Chaudhuri,
        author =       "S. Chaudhuri",
        title =        "Agreement is Harder than Consensus: Set Consensus
                       Problems in Totally Asynchronous Systems",
        booktitle =     proc # " 9th " # podc,
        month =        aug,
        year =         "1990",
        pages = "311--324",
        address =      "Qu\'ebec City, Qu\'ebec, Canada",
      }




		  
@Article{NT90,
        author =       "G. Neiger and S. Toueg",
        title =        "Automatically increasing the fault-tolerance of
                       distributed algorithms",
        journal =      "Journal of Algorithms",
        volume =       "11",
        number =       "3",
        year =         "1990",
        pages =        "374--419",
      }


@InProceedings{BCT96,
  Author = "A. Basu and B. Charron{-}Bost and S. Toueg",
  Title = "Simulating Reliable Links with Unreliable Links in the Presence of 
Process Crashes",
  pages = "105--122",
  booktitle = proc # " Tenth " # wdag,
  editor = "{Babao{\u{g}}}lu, {\"{O}}. and K. Marzullo",
  confaddress = "Bologna, Italy",
  series = lncs,
  volume = 1151,
  month = oct,
  Year = 1996,
  publisher = springer,
  }

@Article{CMT96,
        author =  "B. Charron{-}Bost and F. Mattern and G. Tel",
        title =  "Synchronous and Asynchronous Communications in Distributed
                  Computations",
        journal=  "Distributed Computing", 
        volume = "9",
        number = "4",
        year = "1996",
        pages = "173--191",
       }

@incollection{Dij72,
  Author = "Dijkstra, E.W.",
  Title = "Hierarchical Ordering of Sequential Processes",
  Booktitle = "Operating System Techniques",
  editor = "C.A.R. Hoare and R.H. Perrot",
  publisher = "Academic Press",
  Year = "1972",
  pages = "72--93"
  }

@incollection{LL90,
  Author = "Lamport, Leslie and Nancy A. Lynch",
  Title = "Distributing Computing: Models and Methods",
  Booktitle = "Handbook of Theoretical Computer Science",
  editor = "J. van Leeuwen",
  publisher = "Elsevier Science Publishers B. V.",
  Year = "1990",
  pages = "1158--1198"
  }

@article{Her91,
  Author = "Herlihy, M. P.",
  Title = "Wait-free synchronization",
  Journal = toplas,
  month = jan,
  Year = 1991,
  volume = 13,
  number = 1,
  pages = "123--149"
  }

@article{LAA87,
  Author = "Loui, M. C. and Abu-Amara, H. A.",
  Title = "Memory requirements for agreement among unreliable
                  asynchronous processes ",
  Journal = "Advances in Computing Research",
  Editor = "Franco P. Preparata",
  Year = 1987,
  volume = 4,
  pages = "163--183"
  }

@article{Cha93,
   Author =       "S. Chaudhuri",
   Title =        "More choices allow more faults: Set consensus
                       problems in totally asynchronous systems",
  Journal = "Information and Computation",
  Year = 1993,
  volume = 105,
  Number = 1,
  pages = "132--158"
      }
@Article{Fra80 ,
    Author = "N. Francez" ,
    Title = "Distributed Termination",
    Journal = toplas, 
    volume = 2 ,
    number = 1,
    Year = 1980 ,
    Pages = "42--55" 
         }

@Article{DS80,
    Author = "Dijkstra, E.~W. and  Scholten, C.~S.",
    Title = "Termination detection for diffusing computations",
    Journal = ipl,
    volume = 11,
    Number = 1,
    Year = 1980,
    month = Aug,
    Pages = "1--4"
       }

@Article{DFG83,
    Author = "Dijkstra, E.~W. and Feijen, W. H. and van Gasteren, A. J.",
    Title = "Derivation of a termination detection algorithm for distributed
  computations",
    Journal = ipl,
    volume = 16,
    Number = 5,
    Year = 1983,
    month = Jun,
    Pages = "217--219"
       }

@article{Mat87,
  Author = "Mattern, F.",
  Title = "Algorithms for distributed termination detection",
  Journal = dc,
  Volume = 2,
  number = 3,
  Year = 1987,
  pages = "161--175"
  }

@Article{LY87,
    Author = "Lai, T.~H. and Yang, T.~H.",
    Title = "On distributed snapshots",
    Journal = ipl,
    volume = 25,
    Year = 1987,
    Pages = "153--158"
       }

@article{Mat89,
	Author = "Mattern, F.",
	Title = "Global quiescence detection based on credit
                  distribution and recovery",
	Journal = ipl,
	Volume = 30,
	number = 4,
	Year = 1989,
	pages = "195--200"
}

@incollection{SF86,
  Author = "Shavit, N. and Francez, N.",
  Title = "A new approach to the detection of locally indicative stability",
  booktitle = proc # " Thirteenth " # icalp,
  pages = "344--358",
  Volume = "226",
  publisher = springer,
  series = lncs,
  Year = 1986
  }

@Article{Dij87,
    Author = "Dijkstra, E.~W.",
    Title = "Shmuel Safra's version of  termination detection",
    Journal = {EWD-Note},
    volume = 998,
    Year = 1987
       }

@incollection{Gri90,
  Author = "Gribomont, E.P.",
  Title = "From Synchronous to Asynchronous Communication",
  Booktitle = "Specification and Verification of Concurrent Systems",
  publisher = springer,
  editor = "Rattray, C.",
  Year = 1990,
  pages = "368--383"
  }

@article{SS84,
  Author = "Schlichting, Richard D. and Fred B. Schneider",
  Title = "Using mesage passing for distributed programming: proof
                  rules and disciplines",
  Journal = toplas,
  Year = 1984,
  volume = 6,
  pages = "402--431"
  }

@inproceedings{CoM91,
  author = " R. Cooper and K. Marzullo",
  title = "Consistent Detection of Global Predicates",
  booktitle = "Proceedings of the ACM/ONR Workshop on Parallel and 
             Distributed Debugging",
  publisher = "ACM, New York",
  year = 1991,
  pages = " 163--173"
  }

@phdthesis{CB89,
  Author = "Charron{-}Bost, Bernadette",
  Title = "Mesures de la concurrence et du parall\'elisme",
  School = "Paris 7",
  month = sep,
  Year = 1989
  }

@techreport{CGF92,
  Author = "Charron{-}Bost, Bernadette and Delporte-Gallet, Carole and
  Fauconnier, Hugues",
  Title = "Local and Temporal Predicates",
  number = "92-36",
  Institution = "LITP",
  month = apr,
  Year = 1992
    }

@article{CGF95,
  Author = "Charron{-}Bost, Bernadette and Delporte-Gallet, Carole and
  Fauconnier, Hugues",
  Title = "Local and Temporal Predicates in Distributed Systems",
  Journal = toplas,
  Year = 1995,
  Volume = 17,
  Number = 1,
  Pages = "157--179"
    }

@article{SM94,
  Author = "Schwartz, R. and  Mattern, F.",
  Title = "Detecting causal relationships in distributed computations:
   In search of the holy grail",
  Journal = dc,
  Year = 1994,
  volume = 7,
  number = 3,
  pages = "149--174"
  }

@book{tida,
  Author = "Tel, G.",
  Title = "Topics in Distributed Algorithms",
  Publisher = "Cambridge University Press",
  Year = 1991
  }

@book{indal,
  Author = "Tel, G.",
  Title = "Introduction to Distributed Algorithms",
  Publisher = "Cambridge University Press",
  Year = 1994
  }


@inproceedings{KT91,
  author  = {Kaashoek, M. Frans and Tanenbaum, Andrew S.},
  title = {Group communication in the Amoeba distributed operating system},
  booktitle = {Proceedings of the Eleventh International Conference on
				  Distributed Computer Systems},
  month = {May},
  address = {Arlington, TX},
  pages = {222--230},
  year = 1991}

@inproceedings{MPS91, 
author = {Mishra, Shivakant and Peterson, Larry L. and Schlichting,
  Richard D.}, 
title = {A membership protocol based on partial order}, 
booktitle = {Proceedings of the IEEE International Working
Conference on Dependable Computing For Critical Applications}, 
address = {Tucson, AZ}, 
month = {February}, 
pages = {137--145}, 
year = 1991}

@article{MMA94,
author  = {Melliar-Smith, P.M. and Moser, Louise and Agrawala, Vivek},
title = {Processor membership in asynchronous distributed systems},
journal = {IEEE Transactions on Parallel and Distributed Systems},
volume = {5},
number = 5,
month = {May},
pages = {459--473},
year = 1994}

@inproceedings{HS95,
author  = {Hiltunen, Matti A. and Schlichting, Richard D.},
title = {Properties of membership services},
booktitle = {Proceedings of the Second International Symposium on
				  Autonomous Decentralized Systems},
address = {Phoenix, AZ},
month = {April},
year = 1995}


@inproceedings{JFR93,
author  = {Jahanian, Farnam and Fakhouri, Sameh and Rajkumar, Ragunathan},
title = {Processor group membership protocols: specification, design
				  and implementation},
booktitle = {Proceeding of the Twelfth IEEE Symposium on Reliable
				  Distributed Systems},
pages = {2--11},
address = {Princeton},
month = {October},
year = 1993}

@inproceedings{RBCGS93,
author  = {van Renesse, Robbert and Birman, Kenneth P. and Cooper, Robert and 
Glade, Bradford
				  and Stephenson, Patrick},
title = {The Horus system},
booktitle = {Reliable Distributed Computing with the Isis Toolkit},
editor = {Birman, Kenneth P. and van Renesse, Robbert},
publisher = {IEEE Computer Society Press, Los Alamitos, CA},
pages = {133--147},
year = 1993}

@inproceedings{EMS95,
author  = {Ezhilchelvan, Paul D. and Mac\^edo, Raimundo A. and Shrivastava, 
Santosh K.},
title = {Newtop: a fault-tolerant group communication protocol},
booktitle = {Proceedings of the 15th International Conference on Distributed 
Computing Systems},
address = {Vancouver, BC, Canada},
month = {June},
year = 1995}

@book{BBDG94,
  author  = {Babao\u{g}lu, \"{O}zalp and Davoli, Renzo and Giachini,
    Luigi-Alberto and Baker, Mary Gray},
  title = {RELACS: a communications infrastructure for constructing
   reliable applications in large-scale distributed systems},
publisher = {BROADCAST Project deliverable report},
note = {Department of Computing Science, University of Newcastle upon
                  Tyne, UK},
year = 1994}

@techreport{ACMT95,
author  = {Emmanuelle Anceaume and Charron{-}Bost, Bernadette  and
     Minet, Pascale and Toueg, Sam},
title = {On the formal specification of group membership services},
institution = {INRIA, Rocquencourt},
type = {Technical Report},
month = {July},
year = 1995}

@Article{AG91,
  TITLE ={A New Explanation of the Glitch Phenomenon},
  AUTHOR ={James H. Anderson and Mohamed G. Gouda},
 journal = {Acta Informatica},
year = 1991,
volume = 28,
pages = "297--309"
}


@article{Bir93,
author  = {Birman, Kenneth P.},
journal = {Communication of the ACM},
title = {The process group approach to reliable distributed computing},
volume = {9},
number = 12,
pages = {36--53},
month = {December},
year = 1993}

@techreport{DMS94,
author  = {Dolev, Danny and Malki, Dalia and Strong, Ray},
title = {An asynchronous membership protocol that tolerates partitions},
institution = {Institute of Computer Science, The Hebrew University of Jerusalem},
type = {Technical Report},
number = {CS94-6},
year = 1994}

@inproceedings{CHTC96,
  Author  = {Chandra, Tushar Deepak and  Hadzilacos, Vassos and Toueg,
                  Sam and Charron{-}Bost, Bernadette},
  Title = {On the Impossibility of Group Membership},
  booktitle =     proc # " 15th " # podc,
  month = may,
  year = "1996",
  pages = "322--330",
  address =  "Philadelphia, Pennsylvania, USA",
  }

@inproceedings{DKM93,
author  = {Dolev, Danny and Kramer, Shlomo and Malki, Dalia},
title = {Early delivery totally ordered multicast in asynchronous environment},
booktitle = {Proceedings of the 23th Annual International Symposium on 
Fault-Tolerant Computing},
address = {Toulouse},
month = {June},
pages = {544--553},
year = 1993}


@inproceedings{SES89,
  Author  = {Schiper, A. and Eggli, J. and Sandoz, A.},
  Title = { A New Algorithm to Implement Causal Ordering},
  booktitle = proc # " Third" # wdag,
  editor = "Bermond, J. C. and  Raynal, M",
  confaddress = "La Colle-sur-Loup, France",
  series = lncs,
  volume = 392,
  month = sep,
  publisher = springer,
  year = "1989",
  pages = "219--232"
  }

@techreport{CT94,
  Author = {Charron{-}Bost, B. and Tel, G.},
  Title = {Approximation d'une borne inf\'erieure r\'epartie},
  number = {LIX/RR/94/06},
  Institution = {Laboratoire d'Informatique LIX, \'Ecole Polytechnique},
  month = sep,
  Year = 1994
  }

@incollection{MP88,
  Author = "Manna, Z. and Pnueli, A.",
  Title = "The anchored version  of the temporal framework",
  booktitle = "Proceedings of the Symp. on Linear Time, Branching
               Time, and Partial Order in Logics and Models for Concurrency",
  editor = "Bakker, J. W. and de Roever, W. P. and Rozenberg, G.",
  series = lncs,
  Year = 1988,
  volume = 354,
  publisher = springer,
  pages = "201--284"
  }

@techreport{LT88,
author  = {Lynch, Nancy A. and Tuttle Mark R.},
title = {An Introduction to input/output automata},
institution = mitlcs ,
type = {Technical Report},
number = {MIT/LCS/TM-373},
year = 1988}

@article{TLA,
  Author = "Lamport, Leslie",
  Title = "The temporal logic of actions",
  Journal = toplas,
  month = may,
  Year = 1994,
  volume = 16,
  number = 3,
  pages = "872--923"
  }

@article{AS85,
	Author = "Alpern, Bowen and Schneider, Fred B.",
	Title = "Defining Liveness",
	Journal = ipl,
	Volume = 21,
	number = 4,
	month = oct,
	Year = 1985,
	pages = "181--185"
}

@inproceedings{Fid90,
  Author  = "Fidge, Colin",
  Title = "A simple run-time concurrency measure",
  booktitle = "The Transputer in Australia",
  editor = "Bossomaier, T. and  Hintz, T and Hulskamp J.",
  publisher = "IOS Press",
  year = 1990,
  pages = "92--101"
  }

@book{Lyn96,
  Author = "Lynch, N. A.",
  Title = " Distributed Algorithms",
  Publisher = "Morgan Kaufmann",
  Year = 1996
  }
@book{AW05,
  Author = "Attiya,H. and Welch, J.",
  Title = " Distributed Computing",
  Publisher = "Wiley",
  Year = 2005
  }

@ARTICLE{Ste76,
	AUTHOR = {Stenning, N. V.},
	TITLE = {A data transfer protocol},
	JOURNAL = {Computer Networks},
	YEAR = {1976},
	VOLUME = {1},
        Number = {2},
	PAGES = {99--110}
}

@TECHREPORT{CS95,
	AUTHOR = {Cristian, F. and Schmuck, F.},
	TITLE = {Agreeing on processor-group membership in
                  asynchronous distributed systems},
	INSTITUTION = {UCSD},
	YEAR = {1995},
	NUMBER = {CSE95-428}
}

@inproceedings{LS92,
  Author  = {Lynch, N. and Shavit, N},
  Title = { Timing-based mutual exclusion},
  booktitle = {Proceedings of the 13th Real-Time Systems Symposium},
  confaddress = "Los Alamitos, Calif.",
  month = dec,
  year = "1992",
  pages = "2--11"
  }

@inproceedings{LH94,
	AUTHOR = {Lo, Wai-Kau and Hadzilacos, Vassos},
	TITLE = {Using failure detectors to solve consensus in
                  asynchronous shared memory systems},
	BOOKTITLE = proc # " eighth " # wdag,
        EDITOR = "Tel, G. and Vit\'anyi, P.",
        SERIES = lncs,
        VOLUME = 857,
	YEAR = {1994},
	PUBLISHER = springer,
	MONTH = sep,
        PAGES = "280--295"
}


@inproceedings{ACT97,
	AUTHOR = {Aguilera, M. K. and Chen, W. and Toueg, S.},
	TITLE = {Heartbeat: a timeout-free failure detector for
                  quiescent reliable communication},
	BOOKTITLE = proc # " eleventh " # wdag,
	YEAR = {1997},
	PUBLISHER = springer,
	MONTH = sep,
        NOTE = {In press}
}

@techreport{ACT97b,
        author = "Aguilera, M. K. and Chen, W. and Toueg, S.",
        title = "Quiescent reliable communication and quiescent
                  consensus in partitionable networks",
	institution = "Cornell University",
        number = "TR 97-1632",
        year = "1997",
	month = "June",
        address = "Dept. of Computer Science, Cornell University, Ithaca, NY
		14853"
}
		  

@incollection{Sch93,
  Author = "Schneider, F.",
  Title = "What Good are Models and What Models are Good",
  Editor = "Mullender, Sape J.",
  booktitle = "Distributed Systems",
  Publisher = "Addison-Wesley",
  Year = "1993",
  Chapter = 2,
  Pages = {17--25}
  }
		  
		  
@incollection{MMT91,
  Author = "Merritt, M. and Modugno, F. and Tuttle, M.",
  Title = "Time constrained automata",
  booktitle = "Proceedings of the 2nd Int. Conf. on Concurrency Theory",
  editor = "Baeten, J. C M.. and Goote, J. F.",
  series = lncs,
  Year = 1991,
  volume = 527,
  publisher = springer,
  pages = "408--423"
  }		  

@InProceedings{Gue95,
  Author = {R. Guerraoui},
  Title ={{R}evisiting the relationship between non-blocking atomic commitment
          and consensus},
  BookTitle ={9th Intl. Workshop on Distributed Algorithms}, 
  Publisher={Springer Verlag, LNCS 972},
  Year ={1995},
  Month ={September},
  Place ={Le Mont-St-Michel, France},
  Pages ={87-100}
}


@TechReport{GS96,
  Author = {R. Guerraoui and A. Schiper},
  Title ={{A}tomic {M}ulticast harder than {A}tomic {B}roadcast},
  Institution ={EPFL, Dept d'Informatique},
  Year ={1996},
  Month ={May},
  Number ={96/193}
}
		  
@Article{Sch97,
  Author ={A. Schiper},
  Title ={{E}arly consensus in an asynchronous system with a weak failure
          detector},
  Journal ={Distributed Computing},
  Year ={1997},
  Month={April},
  Volume ={10},
  Number = {3},
  Pages ={149-157}
}		  

@Article{Lam03,
  Author ={Leslie Lamport},
  Title ={Arbiter-Free Synchronization},
  Journal ={Distributed Computing},
  Year ={2003},
  Month={April},
  Volume ={16},
  Number = {3},
  Pages ={219-237}
}

@inproceedings{BCT00,
  author  = {B. Charron{-}Bost and S. Toueg  and A. Basu},
  title = {Revisiting Safety and Liveness in the Context of Failures},
  booktitle = {Proceedings 11th International Conference on Concurrency
        Theory},
  series = lncs,
  volume = 1877,
  month = {August},
  publisher = springer,
  pages = {552--565},
  year = 2000}

@unpublished{CS00b,
  Author = "B. Charron{-}Bost and A. Schiper",
  Title = "Reliable Broadcast is Not so Easy",
  address = "EPFL",
  note = "Unpublished manuscript",
  month = jul,
  year = 2000
  }

@unpublished{Lam00,
  Author = "L. Lamport",
  Title = "Lower Bounds on Consensus",
  address = "Microsoft Research",
  note = "Unpublished manuscript",
  month = mar,
  year = 2000
  }

@inproceedings{Lam02,
  Author = "L. Lamport",
  title = "Lower Bounds for Asynchronous Consensus",
  booktitle = "Proceedings of the International Workshop on Future Directions 
               in Distributed Computing",
  confaddress = "Bertinoro, Italy",
  editor = "A. Schiper and A. Shvartsman and H.Weatherspoon and B. Zhao",
  series = lncs,
  publisher =springer,
  volume = 2584,
  pages = "22--23",
  month = jun,
  Year = 2002
 }



@techreport{CS00,
  Author = {B. Charron{-}Bost and A. Schiper},
  Title = {Uniform Consensus is Harder than consensus},
  number = {DSC/2000/028},
  Institution = {D\'epartement Syst\`emes de Communication, 
     EPFL},
  month = may,
  Year = 2000
  }

@article{ACT99,
	AUTHOR = {Aguilera, M. K. and Chen, W. and Toueg, S.},
	TITLE = {Using the heartbeat failure detector for quiescent reliable
        communication and consensus in partitionable networks},
	JOURNAL = {Theoretical Computer Science},
	VOLUME ={220},
        Number ={1},
        pages ={3--30},
	YEAR = {1999},
	MONTH = jun
}

@inproceedings{ACT98,
author ={M. Aguilera and  W. Chen and S. Toueg},
title ={Failure detection and consensus in the crash-recovery model},
booktitle ={Proceedings of the 12th International Symposium on Distributed
        Computing},
series = lncs,
publisher =springer,
pages = {231-245},
month = sep,
year ={1998}
}

@inproceedings{GS96b,
author ={R. Guerraoui and A. Schiper},
title ={Consensus Service: A Modular Approach for Building Agreement Protocols
in Distributed Systems},
booktitle ={International Symposium on Fault-Tolerant Computing System},
publisher={IEEE},
year =1996,
month =jun
}                   

@article{CF99,
   author    = {Cristian, F. and Fetzer, C.},
   title     = {The Timed Asynchronous Distributed System Model},
   journal   = {IEEE Transactions on Parallel \& Distributed Systems},
   volume    = 10,
   number    = 6,
   pages     = {642--657},
   month     = jun,
   year      = 1999,
}


@inproceedings{CGS00,
author ={B. Charron{-}Bost and R. Guerraoui and A. Schiper},
title ={Synchronous Systems and Perfect Failure Detectors: Solvability and
        Efficiency Issues},
booktitle ={Proceedings of the International Conference on Dependable Systems and Networks},
publisher={IEEE},
year = 2000,
month =jun,
pages     = {523--532}
}

@techreport{KR01,
  Author = {I. Keidar and S. Rajsbaum},
  Title = {On the Cost of Fault-Tolerant Consensus When There Are No Faults -- A Tutorial},
  number = {MIT-LCS-TR-821},
  institution = mitlcs ,
  type = {Technical Report}, 
  month = may,
  Year = 2001
  }

@inproceedings{MR98,
  Author = "Moses, Yoram and Sergio Rajsbaum",
  Title = "The unified structure of consensus: a layered analysis approach",
  pages = "123--132",
  booktitle = proc # " Seventeenth " # podc,
  month = aug,
  Year = 1998
  }

@article{MR02, 
  Author = "Moses, Y. and S. Rajsbaum",
  Title = "A layered analysis of consensus",
  Journal = {SIAM Journal of Computing},
  Volume = 31,
  Number = 4,
  pages = "989--1021",
  Year = 2002
  }

@inproceedings{Gaf98,
  Author = "E. Gafni",
  Title = "Rounds-by-rounds fault detectors: unifying synchrony and asynchrony",
  pages = "143--152",
  booktitle = proc # " Seventeenth " # podc,
  month = aug,
  Year = 1998
  }

@article{AT99,
	Author = "M. Aguilera and S. Toueg",
	Title = "A simple bivalency-based proof that $t$-resilient consensus requires $t+1$ rounds",
	Journal = ipl,
	Volume = 71,
	number = 4,
	Year = 1999,
	pages = "155--158"
}

@inproceedings{BJBO98,
  Author = "Bar{-}Joseh, Z. and Ben{-}Or, Michael",
  Title = "A tight lower bound for randomized synchronous consensus",
  pages = "193--199",
  booktitle = proc # " Seventeenth " # podc,
  month = aug,
  Year = 1998
  }

@inproceedings{Cha01a,
  Author = "B. Charron{-}Bost",
  Title = "Agreement Problems in  Fault-Tolerant Distributed Systems",
  booktitle = "Proceedings 28th Annual Conference on Current Trends in 
            Theory and Practice of Informatics",
  series = lncs,
  publisher =springer,
  volume = 2234,
  pages = "10--32",
  month = nov,
  year = 2001
}

@unpublished{Cha01b,
  Author = "Charron{-}Bost, B.",
  Title = "The weakest failure detector for solving atomic commitment",
  note = "Unpublished Notes",
  Year = 2001
  }

@unpublished{CT01,
  Author = "Charron{-}Bost, B. and Toueg, S. ",
  Title = "Comparing the atomic commitment and consensus problems",
  note = "Unpublished Notes",
  Year = 2001
  }

@inproceedings{Ske82,
  Author = "Skeen, D.",
  Title = "Nonblocking Commit Protocols",
  pages = "133--147",
  booktitle ={Proceedings of the ACM SIGMOD Conf. on Management of Data},
  publisher={ACM},
  month = jun,
  Year = 1982
  }

@article{Wie14,
   author    = {Wiener, N.},
   title     = {A contribution to the theory of relative position},
   journal   = {Proc. Camb. Philos. Soc.},
   volume    = 17,
   pages     = {441--449},
   month     = jun,
   year      = 1914
}

@techreport{CL02,
  Author = {B. Charron{-}Bost and F. Le Fessant},
  Title = "Validity Conditions in Agreement Problems and Time Complexity",
  Institution = "INRIA-Rocquencourt",
  month = aug,
  Year = 2002,
  number = " RR-4526"
  }

@article{Gue02,
author  = {Guerraoui, R.},
journal = {Distributed Computing},
title = {Non-Blocking Atomic Commitment in Asynchronous Systems with 
         Failure Detectors},
volume = {15},
number = 1,
pages = {},
month = jan,
year = 2002}

@inproceedings{GK02,
  Author = "R. Guerraoui and P. Kouznetsov",
  Title = "On the Weakest Failure Detector for Non-Blocking Atomic Commit",
  booktitle ={Proceedings of International Conference on Theoretical 
              Computer Science},
  publisher={ACM},
  month = aug,
  Year = 2002
  }

@article{KR03,
  Author = "Keidar, I. and Rajsbaum, S.",
  Title = "A Simple Proof of the Uniform Consensus Synchronous Lower Bound",
  Journal = ipl,
  Year = 2003,
  volume = {85},
  number = 1,
  pages = {47--52},
  month = jan
  }  

@inproceedings{Gra87,
  Author = "J. Gray",
  Title = "A Comparison of the Byzantine Agreement Problem and the 
           Transaction Commit Problem",
  booktitle ={Fault Tolerant Distributed Computing},
  series = lncs,
  volume = 448,
  month = {November},
  publisher = springer,
  pages = {10--17},
  year = 1987
}

@article{LLS75,
	AUTHOR = {Ladner, R. E. and Lynch, N. A. and Selman, A. L.},
	TITLE = {A Comparison of Polynomial Time Reducibilities},
	JOURNAL = {Theoretical Computer Science},
	VOLUME ={1},
        pages ={103--123},
	YEAR = {1975}
}

@article{AT99b, 
  Author = "Aguilera, M. K. and Toueg, S.",
  Title = "Randomization and Failure Detection: A Hybrid Approach to Solve Consensus",
  Journal = {SIAM Journal of Computing},
  Volume = 28,
  Number = 3,
  pages = "890--903",
  Year = 1999
  }

@article{MMRT03,
  Author = "Malki, D. and Merritt, M. and Reiter, M. K. and Taubenfeld, G.",
  Title = "Objects shared by Byzantine processes",
  Journal = dc,
  Year = 2003,
  volume = 16,
  pages = "37--48"
  }

@article{Jay97,
  Author = "Jayanti, P.",
  Title = "Robust Wait-Free Hierarchies",
  Journal = jacm,
  month = jul,
  Year = 1997,
  volume = 44,
  number = 4,
  pages = "592--614"
  }

@article{TKM89,
  Author = "Taubenfeld, G. and Katz, S. and Moran, S.",
  Title = "Initial Failures in Distributed Computations",
  Journal = "International Journal of Parallel Programming",
  Year = 1989,
  volume = 18,
  number = 4,
  pages = "255--276"
  }

@techreport{TKM88,
  Author = "Taubenfeld, G. and Katz, S. and Moran, S.",
  Title = "Initial Failures in Distributed Computations",
  Institution = "Technion",
  Year = 1988,
  number = "517"
  }
  
@incollection{Kar72,
  Author = "Karp, R. M.",
  Title = "Reducibility among combinatorial problems",
  Booktitle = "Complexity of Computer Computations",
  editor = "Miller, R. E. and Thatcher, J. W.",
  publisher = "Plenum Press",
  Year = "1972",
  pages = "85--103"
  }


@book{Rog67,
  Author = "Rogers, H.",
  Title = " Theory of Recursive Functions and Effective Computability",
  Publisher = "McGraw-Hill",
  Year = 1967
  }
  
  @inproceedings{CL04,
  Author = "Charron{-}Bost, B. and Le Fessant, F.",
  Title = " Validity Conditions in Agreement Problems and Time Complexity",
  booktitle = "Proceedings 30th Annual Conference on Current Trends in 
            Theory and Practice of Informatics",
  series = lncs,
  publisher =springer,
  volume = 2234,
  pages = "196--207",
  month = jan,
  year = 2004
}

@UNPUBLISHED{CT00,
	AUTHOR = {Charron{-}Bost, B. and Toueg, S.},
	TITLE = {Comparing  the Atomic Commitment
        and Consensus Problems},
  note = "Unpublished Notes",        
	YEAR = {2000},
}

@article{BGLR01,
  Author = "Borowski, E. and Gafni, E. and Lynch, N. and Rajsbaum, S.",
  Title = "The {\sc BG} distributed simulation algorithm",
  Journal = dc,
  Year = 2001,
  volume = 14,
  pages = "127--146"
  }
  
@article{LH00,
  Author = "Lo, W.-K. and  V. Hadzilacos",
  Title = "On the power of shared object types to implement one-resilient Consensus",
  Journal = dc,
  Year = 2000,
  volume = 13,
  pages = "219--238"
  }


@InProceedings{SW89,
        author =       "N. Santoro and P. Widmayer",
        title =        "Time is not a Healer",
        booktitle =    "Proceedings of the 6th Symposium on Theoretical Aspects of
                       Computer Science",
        pages =        "304--313",
        address =      "Paderborn, Germany",
        year =         "1989",
      }
      
 @techreport{CBS07,
  Author = "Charron-Bost, B. and A. Schiper", 
  Title = "The {\sc Heard-Of} Model:Computing in distributed systems with
           benign failures",
  Institution = "LSR, EPFL",
  Year = 2007,
  number = "2007-05"
  }
@article{CBS07b,
author  =  "Charron-Bost, B. and A. Schiper",   
title = {Computing in distributed systems with
           benign failures},
journal = {ENTCS },
year = 2008,
NOTE = {To appear}}

@article{Lam98,
author  = {Lamport, L.},  
title = {The Part-Time Parliament},
journal = {ACM Transactions on Computer Systems},
volume = {16},
number = 2,
month = {May},
pages = {133--169},
year = 1998}

@article{CS09,
Author = "B. Charron{-}Bost and A. Schiper",
Title = "The {H}eard{-}{O}f model: computing in distributed systems with benign faults",
Journal = "Distributed Computing",
Year = 2009,
volume = 22,
number = 1,
pages = "49--71"}

@article{CHW10,
  author    = "B. Charron{-}Bost and
               M. Hutle and
               J. Widder", 
  title     = "In search of lost time",
  journal   = "Inf. Process. Lett.",
  volume    = 110,
  number    = 21,
  year      = 2010,
  pages     = "928--933",
}

@inproceedings{BGM+01,
  author    = {F. Brasileiro and
               F. Greve and
               A. Most{\'e}faoui and
               M. Raynal},
  title     = {Consensus in One Communication Step.},
  BookTitle ={6th International Conference Parallel Computing Technologies (PaCT)},
  Publisher={Springer Verlag, LNCS 2127},
  year      = {2001},
  pages     = {42-50},
}

@inproceedings{PSU+02,
  year =    {2002},
  address = {Toulouse, France},
  title =   {{S}olving {A}greement {P}roblems with {W}eak {O}rdering
                 {O}racles},
  series =  {LNCS-2485},
  pages =   {44-61},
  author =  {F. Pedone and A. Schiper and P. Urban and D. Cavin},
  booktitle =   {Proceedings of the 4th European Dependable Computing Conference (EDCC-4)},
  publisher =   {Springer-Verlag},
  month =   oct
}

 @article{Lam06,
  author = 	"L. Lamport",
  title = 	"Fast {P}axos ",
   Journal = " Distributed Computing",
  Year = 2006,
  NOTE = {To appear}
  }



@inproceedings{07,
  Author  = {Biely, M. and Charron{-}Bost, B. and Gaillard, A.and Hutle, M. and
             Schiper, A. and Widder, J.},
  Title = {Tolerating Corrupted Communication},
  booktitle =     proc # " 26th " # podc,
  month = aug,
  year = "2007",
  pages = "244--253",
  address =  "Portland,Oregon, USA",
  }

@Article{CS04,
  TITLE =        {Uniform Consensus is harder than Consensus},
  AUTHOR =       {Bernadette Charron{-}Bost and Andr\'e Schiper},
 journal = {Journal of Algorithms},
month = march,
year = 2004,
volume = 51,
number = 1,
pages = "15--37"
}


@inproceedings{CS07,
  Author  = {Charron{-}Bost, B. and Schiper, A.},
  Title = {The Heard{-}Of model: computing in distributed systems with benign
            faults},
  booktitle = {3rd International Workshop on Development of Computational
Models},
  month = jul,
  year = "2007",
  address =  "Wroclaw, Pologne",
  }

@inproceedings{CS06,
  Author  = {Charron{-}Bost, B. and Schiper, A.},
  Title = {Improving Fast Paxos: being optimistic with no overhead},
  booktitle = {Proceedings of the 12th Pacific Rim International Symposium on Dependable
             Computing (PRDC)},
  year = "2006",
  address =  "Riverside, USA",
pages = "287-295",
  }

@InProceedings{LT87,
        author =       "Lynch, N. A. and Tuttle M. R. ",
        title =        " Hierarchical correctness proofs for distributed
                         algorithms",
        booktitle =     proc # " 6th " # podc,
        month =        aug,
        year =         "1987",
        pages = "137--151",
        address =      "Vancouver, British Columbia, Canada",
      }

@techreport{Chaa05,
  Author = "Bernadette Charron{-}Bost",
  Title = "Reductions in Distributed Computing. Part I:
  {C}onsensus and {A}tomic {C}ommitment {T}asks ",
  Institution = LIX,
  month = oct,
  Year = 2004,
  number = "LIX/10/2004",
  NOTE = {Available from {A}r{X}iv as number cs.DC/04/12115}
}

@techreport{Chab05,
  Author = "Bernadette Charron{-}Bost",
  Title = "Reductions in Distributed Computing. Part II: k-{T}hreshold  {A}greement  {T}asks ",
  Institution = LIX,
  month = dec,
  Year = 2004,
  number = "LIX/12/2004",
  NOTE = {Available from {A}r{X}iv as number cs.DC/04/12116}
	  }

@techreport{CBM09,
Author = {B. Charron{-}Bost and S. Merz},
Title = {Formal Verification of a {C}onsensus algorithm in the {H}eard-{O}f Model},
number = {LIX},
Institution = {LIX, \'Ecole polytechnique},
month = mars,
Year = 2009
}



@article{CS07:Sig,
  Author = "B. Charron{-}Bost and A. Schiper",
  Title = "Harmful dogmas in fault tolerant distributed computing",
  Journal = " SIGACT News Distributed Computing column",
  Year = 2007,
  volume = 38,
  number = 1
}
	

	

		
@techreport{CBGWW08,
Author = {B. Charron{-}Bost and A. Gaillard and J. Welch and J. Widder},
Title = {Routing without ordering},
number = {LIX},
Institution = {LIX, \'Ecole polytechnique},
month = juin,
Year = 2008
}
